1857 3147
877 142 926 182 57

207 295 210 298 ·
263 281 400 321 nostris
426 279 541 319 rebus
565 275 730 331 perfrui·
743 288 953 329 possumus.
975 294 993 316 -ι
1009 276 1155 316 Gravis
1176 278 1295 318 etiam
1318 280 1388 320 illa
1411 287 1532 323 estet

263 354 380 405 plena
413 352 630 405 dignitatis,
667 350 827 390 dicendi
852 349 1034 399 facultas,
1054 362 1173 400 quae
1194 365 1316 403 ,saepe
1343 336 1532 394 valuitJin

262 424 427 465 Consule
450 407 660 476 deligendo
669 454 682 474 ‚
698 433 816 476 'posse
832 421 1006 463 consilio„
1015 425 1055 460 ct
1068 422 1276 479 oratione,
1290 430 1338 465 et.
1352 425 1531 477 Senatus,

260 504 300 537 et
317 498 471 550 populi,
497 503 538 535 et
553 509 692 536 eorum
706 495 858 547 quires
877 493 1072 545 iudicant,
1088 501 1245 536 :mentes
1262 502 1531 549 permovere.''

260 571 362 610 Haec
389 577 574 620 memem-
589 581 850 621 proxumam
871 566 1090 610 verbanon
1113 569 1226 621 potui
1244 583 1325 610 non
1346 570 1413 611 hic
1434 550 1534 612 inse-

257 655 368 693 rere,
406 642 594 694 quoniam
627 642 758 682 fratris
799 625 1028 682 testimonio.
1065 640 1269 692 insigniter
1306 637 1534 685 confirman-

261 719 326 753 tur
343 712 413 768 (1).
466 715 532 753 nis
554 715 662 754 enim
676 711 1103 764 ,omnibus2h0naspes
1125 713 1237 765 Reip.
1261 715 1312 754 de
1328 716 1536 757 candidato

257 786 524 836 confirmatur,
556 791 603 824 ut
632 785 795 824 Senatus
824 797 919 823 eum
948 784 1142 824 existimet
1170 785 1415 828 defensorem
1446 803 1535 830 auc·

258 859 432 900 toi-itatis*
445 872 537 898 suae
557 858 661 909 fore;
690 858 841 910 equites
862 863 903 897 et
926 858 1003 897 viri
1022 857 1135 908 boni,
1161 859 1377 900 studiosum
1399 876 1535 904 rerum

257 930 578 983 tranquillatum,
604 929 818 970 multitudo
842 942 865 968 a
894 930 972 969 suis
1003 931 1216 971 commodis
1234 945 1316 973 non
1339 933 1536 985 alienum,

255 1010 499 1054 augurentur
513 1002 592 1056 (2).
611 1024 613 1027 ⁴
1528 1045 1531 1047 .

308 1074 359 1113 At
376 1075 441 1114 isti
458 1073 708 1113 multitudini
725 1086 778 1113 ne
795 1073 895 1115 haec
912 1073 1076 1126 quidem
1093 1074 1304 1116 sufficiunt:
1324 1078 1466 1121 videre
1472 1081 1537 1120 de-

255 1148 331 1188 bet
351 1148 567 1187 amicorum
597 1153 638 1186 et
659 1152 940 1191 ,assentatorum
969 1148 1139 1198 copiam,
1166 1149 1306 1189 audire
1328 1151 1379 1189 de
1399 1153 1538 1193 studiis

254 1220 450 1260 nobilium
465 1260 469 1263 ,
486 1225 525 1260 et
559 1220 759 1271 equitum3
793 1219 1029 1271 intercipere
1054 1220 1105 1260 de
1137 1221 1336 1263 candidati
1353 1224 1536 1266 laudibus

254 1306 485 1332 sermonem.
538 1292 594 1330 De
613 1292 685 1330 illo
704 1304 864 1330 rumore
885 1293 985 1331 haec
1000 1306 1143 1333 crunno:
1166 1310 1186 1336 »ρ
1197 1294 1281 1333 dies
1297 1296 1536 1337 intermissus

253 1377 374 1414 unus,
401 1369 566 1405 autnox
589 1363 817 1413 interposita
835 1376 949 1413 saepe
963 1364 1169 1413 perturbat
1184 1351 1317 1405 omnia
1329 1397 1338 1406 .
1354 1398 1363 1406 .
1378 1397 1388 1406 .
1426 1369 1535 1409 Nihil

254 1420 325 1474 est
339 1436 528 1475 incertius
558 1435 698 1485 vulgo,
716 1434 837 1473 nihil
865 1435 1067 1475 obscurius
1087 1436 1288 1477 voluntate
1309 1438 1536 1492 hominum,

253 1508 358 1546 nihil
379 1507 558 1547 fallacius
580 1490 733 1565 ratione
756 1512 836 1546 tota
854 1507 1125 1547 comitiorum”
1148 1508 1220 1562 (3).

305 1580 426 1627 Unica
456 1579 645 1623 estlratio
678 1591 758 1631 qua
793 1578 915 1618 illam'
937 1579 1205 1620 multitudinis
1238 1582 1536 1631 inconstantiam

253 1666 392 1705 regere
408 1653 548 1709 possis:
577 1652 659 1691 scil.
691 1651 902 1703 diligenter
918 1653 1155 1704 expetendo,
1181 1655 1372 1696 indefesse
1390 1660 1535 1713 suppli-

256 1727 398 1767 cando:
432 1726 601 1778 populus
635 1726 743 1765 enim
772 1731 984 1765 »movetur
1004 1726 1240 1779 plerumque
1263 1731 1405 1781 gratia,
1431 1734 1539 1774 cedit

253 1799 453 1851 precibus3
492 1798 588 1836 facit
617 1811 682 1837 eos
688 1828 701 1847 ,
735 1811 758 1837 a
787 1798 932 1850 quibus
960 1799 1132 1839 maxime
1150 1806 1214 1848 ,est
1243 1803 1435 1844 ambitus”
1458 1806 1537 1861 (4);

254 1873 394 1922 verbo,
423 1877 463 1910 et
491 1870 666 1910 assiduus
688 1871 738 1909 sit
764 1871 982 1910 canditatus
1003 1878 1043 1910 et
1064 1874 1269 1923 gratiosus:
1295 1898 1317 1905 -
1339 1878 1515 1918 assiduus
1522 1897 1536 1931 5

254 1959 407 1998 semper
427 1958 508 1984 esse
525 1943 688 1993 Romae,
716 1957 797 1983 non
814 1948 998 1995 expetere
1013 1930 1233 1996 provincias
1238 1963 1250 1998 3
1280 1961 1382 2000 quae
1402 1964 1536 2002 quam-

255 2019 313 2057 vis
334 2017 535 2056 interdum
556 2016 744 2067 gratiosae
766 2016 866 2064 sint,
890 2021 1025 2062 *tamen
1046 2017 1089 2055 in
1113 2018 1287 2070 civitate,
1314 2026 1360 2059 ut
1383 2023 1427 2061 in
1441 2024 1536 2062 obli-

255 2092 371 2130 vione
397 2090 604 2130 hominum
630 2089 699 2138 sit,
731 2087 906 2128 efficiunt
923 2088 1001 2143 (5):
1035 2104 1111 2130 nec
1138 2093 1351 2133 metuenda
1379 2101 1435 2134 est
1464 2096 1534 2136 illa

255 2163 487 2203 assiduitatis
509 2163 660 2202 satietas
664 2192 677 2212 ‚
703 2174 824 2213 quam
843 2175 982 2202 causae
1000 2168 1118 2216 atque
1135 2166 1250 2204 amici
1269 2168 1392 2217 gratia
1410 2183 1534 2210 menno

254 2234 375 2274 refert
383 2233 457 2287 (6):
482 2234 664 2287 »prodest
680 2233 841 2285 quidem
856 2234 1135 2274 vehementess'
1152 2237 1281 2289 inquit
1293 2239 1397 2292 Q(7)
1415 2255 1531 2281 »nub

303 2424 355 2468 (1)
382 2422 436 2455 De
457 2422 529 2454 Pet.
553 2421 573 2465 §
593 2423 650 2457 55.
721 2421 776 2467 (2)
799 2419 888 2455 Ibid.
910 2419 932 2464 §
949 2420 1006 2455 53.
1077 2420 1131 2467 (3)
1157 2423 1219 2457 Pr.
1237 2424 1398 2460 Mur.1'7.
1409 2427 1467 2469 35,
1480 2438 1532 2472 sq.

260 2478 314 2522 (4)
340 2479 399 2511 Pr.
422 2477 540 2509 Plane.
561 2476 597 2509 4.
616 2477 659 2519 9,
683 2477 738 2511 11.
808 2475 864 2520 (5)
889 2476 950 2508 Pr.
971 2475 1066 2509 Mur.
1087 2477 1197 2520 8.18,
1219 2490 1256 2524 p.
1280 2481 1533 2517 mammea

259 2532 313 2578 (6)
341 2536 400 2567 Pr.
423 2533 516 2568 Mur.
537 2533 569 2566 9.
589 2532 630 2566 21
649 2557 657 2573 ,
684 2544 733 2577 sq.
829 2531 883 2576 (7)
910 2531 964 2564 De
985 2533 1054 2565 Pet.
1078 2530 1172 2575 §43-
