1857 3147
872 129 920 166 71

309 267 436 306 Ceteri
469 271 620 314 autem,
655 264 726 316 qui
761 277 783 303 a
818 263 1011 315 pecuniae
1035 263 1243 314 largitione
1262 263 1541 312 abhorrebant,

258 340 324 379 vel
357 352 437 379 non
467 338 673 392 petebant,
706 341 752 375 ut
778 350 944 387 amous,
970 348 1092 388 quem
1118 349 1225 376 utros
1257 335 1378 375 refert
1400 334 1459 389 (1)
1494 336 1544 374 ab

259 413 474 453 honoribus
501 411 753 460 abstinuisse,
790 410 900 462 quod
929 423 1062 461 neque
1082 410 1165 461 peti
1193 423 1302 449 more
1328 409 1542 458 maiorum,

256 500 388 539 neque
426 485 515 537 oapi
550 489 707 537 possent
745 482 981 523 conservatis
1014 482 1189 535 legibus,
1224 483 1268 521 in
1304 488 1383 523 tam
1413 481 1546 523 effusis

257 561 428 600 ambitus
450 559 722 610 largitionibus
727 574 739 609 5
768 558 832 597 vel
853 557 886 596 si
907 562 1105 608 peterent,
1132 556 1329 608 repulsam
1347 557 1544 605 ferebant,

257 639 303 672 ut
341 646 484 674 surmus
522 646 698 672 smmms
721 630 799 686 (2);
840 630 905 670 vel
936 630 1096 675 tandem
1124 630 1273 682 populo
1305 629 1547 669 blandiendo

257 711 297 744 et
339 705 627 757 promittendo,
666 716 898 755 summaque
939 703 1105 743 laudum
1145 703 1289 754 gratia,
1329 716 1377 742 eo
1409 715 1545 754 perve-

261 777 442 829 niebant,
469 784 523 817 'ut
555 791 623 830 spe
651 783 691 816 et
725 777 983 816 admiratione
1015 776 1226 816 ductarum
1264 776 1546 828 quarumdam,

257 851 434 902 plurium
473 849 676 889 interdum
709 850 996 899 centuriarum,
1029 849 1213 901 suffragia
1245 849 1412 888 ferrent:
1451 863 1544 888 nam

256 924 369 962 nulla
398 937 434 965 Q„
473 937 598 963 emeno
632 928 795 962 testatur
828 928 908 961 tam
942 923 1147 974 inquinata
1180 923 1389 974 largitione
1425 923 1546 961 fuisse

259 995 435 1044 comitia,
453 996 496 1033 in
516 994 660 1047 quibus
682 1008 763 1034 non
785 995 904 1045 gratis
922 994 1079 1045 aliquae
1097 995 1300 1034 centuriae
1319 995 1548 1049 renuntient

259 1080 345 1105 suos
379 1079 617 1118 magnopere
652 1066 886 1105 necessarios
920 1066 991 1119 (3).
1058 1066 1138 1106 Hoc
1175 1072 1308 1106 autem
1342 1068 1386 1105 in
1411 1068 1549 1119 primis

257 1139 453 1192 pendebat
488 1153 511 1188 a
528 1139 714 1189 ratione,
751 1152 831 1191 qua
867 1153 908 1178 se
942 1140 1261 1191 competitoribus
1288 1140 1546 1192 largientibus

256 1218 510 1265 opponerent.
565 1213 672 1251 Hanc
706 1212 751 1251 in
783 1225 868 1251 rem
898 1218 1105 1264 praecepta
1127 1213 1322 1264 quaedam
1346 1213 1466 1253 tradit
1487 1228 1544 1263 Q„

255 1299 358 1338 quae
374 1299 422 1325 eo
441 1286 564 1337 magis
583 1284 931 1339 animadvertenda
949 1275 1058 1335 sunt,
1081 1286 1177 1337 quia
1197 1285 1312 1325 fratri
1330 1285 1545 1326 laudabilia

258 1364 378 1410 atque
396 1347 558 1410 probata
580 1359 661 1397 visa
680 1363 783 1396 sunt.
836 1357 1034 1396 Nimirum
1054 1356 1209 1397 efficere
1230 1359 1415 1408 debebat,
1442 1365 1488 1399 ut
1504 1360 1549 1398 in

259 1430 580 1482 competitoribus
600 1430 679 1469 suis
702 1429 901 1468 exsisteret
924 1435 993 1469 aut
1015 1429 1171 1469 sceleris
1193 1436 1261 1470 aut
1283 1431 1461 1470 libidinis
1481 1438 1551 1472 aut

256 1503 474 1554 largitionis
518 1501 810 1541 accommodata
844 1501 896 1541 ad
939 1514 1078 1553 eorum
1111 1516 1239 1542 mores
1271 1503 1434 1544 infamia
1469 1502 1544 1558 (4);

258 1576 403 1615 deinde
428 1592 447 1613 »
460 1575 547 1614 fac’'
568 1575 700 1627 inquit
723 1580 800 1614 »ut
823 1580 863 1614 te
888 1575 990 1613 bene
1012 1576 1138 1626 noris,
1164 1576 1208 1614 id
1229 1582 1305 1626 est,
1333 1582 1379 1615 ut
1400 1577 1546 1617 intelli-

258 1663 325 1702 gas
347 1662 440 1689 eum
459 1662 539 1688 esse
562 1655 619 1698 te,
646 1649 718 1701 qui
740 1648 881 1687 iudicii
903 1661 949 1688 ac
969 1649 1138 1701 periculi
1161 1655 1312 1690 metum
1331 1651 1548 1692 maximum

258 1723 580 1775 competitoribus
612 1722 752 1761 afferre
774 1723 904 1774 possis.
958 1722 1052 1771 Fac,
1078 1736 1119 1761 se
1141 1728 1188 1762 ut
1211 1724 1277 1763 abs
1298 1729 1337 1762 te
1360 1724 1549 1764 custodiri

259 1802 379 1848 atque
420 1795 617 1834 observari
659 1795 802 1843 sciant,
841 1807 968 1846 quum
1010 1795 1257 1847 diligentiam
1297 1802 1426 1847 tuam,
1463 1803 1550 1837 tum

262 1869 534 1908 auctoritatem
565 1867 728 1918 vimque
759 1866 942 1916 dicendi,
969 1872 1055 1906 tum
1078 1867 1255 1919 profecto
1276 1870 1467 1921 equestris
1489 1884 1547 1910 or·
1599 1906 1602 1909 Α

261 1941 365 1980 dinis
407 1954 501 1992 erga
544 1946 581 1978 te
620 1939 795 1979 studium
837 1940 1113 1991 pertimescant
1120 1944 1159 1992 ;’'
1202 1947 1243 1980 et
1282 1943 1402 1993 paulo
1441 1949 1544 1995 post:

262 2026 416 2066 »quare
430 2043 439 2052 .
455 2043 464 2052 .
480 2043 490 2052 .
511 2013 543 2051 si
573 2012 893 2064 competitoribus
921 2013 1068 2052 iudicia
1088 2015 1369 2066 proponimus,
1395 2029 1546 2067 seques-

261 2086 388 2125 tribus
417 2091 567 2125 metum
593 2085 808 2135 inficimus,
843 2085 1029 2126 divisores
1055 2087 1207 2126 ratione
1237 2088 1369 2140 aliqua
1395 2091 1544 2127 coerce-

263 2173 352 2198 mus
357 2190 387 2208 ,‚
408 2159 544 2210 perfici
577 2165 720 2210 potest,
760 2165 805 2198 ut
836 2160 994 2210 largitio
1017 2166 1086 2200 aut
1107 2161 1220 2200 nulla
1240 2161 1329 2209 fiat,
1355 2167 1422 2199 aut
1443 2161 1545 2198 nihil

264 2231 414 2270 valeat''
438 2229 508 2284 (5).
562 2231 691 2270 Unum
726 2237 858 2271 tamen
889 2232 993 2271 illud
1026 2245 1272 2284 summopere
1305 2238 1390 2272 erat
1422 2233 1545 2273 vitan-

266 2303 448 2351 tandum,
484 2309 531 2341 ut
563 2303 766 2343 videretur
795 2304 1024 2343 candidatus
1054 2305 1131 2343 iam
1158 2306 1444 2344 accusationem
1467 2320 1547 2345 me·

314 2472 367 2515 (1)
396 2472 443 2503 In
461 2482 493 2504 v.
516 2473 593 2504 Ate.
622 2473 655 2504 6.
685 2473 717 2504 1.
813 2471 868 2515 (2)
896 2472 955 2503 Pr.
977 2471 1072 2503 Mur.
1092 2470 1147 2504 21.
1167 2471 1222 2504 43.
1318 2474 1372 2517 (3)
1399 2473 1453 2506 De
1474 2475 1546 2507 Pet.

270 2527 289 2569 ᾗ
307 2527 363 2560 56.
457 2525 510 2570 (4)
536 2526 625 2560 Ibid.
649 2526 667 2568 ᾗ
688 2527 744 2560 53.
839 2525 893 2569 (5)
918 2525 1006 2559 Ibid.
1028 2526 1049 2569 §
1068 2526 1133 2569 56,
1155 2526 1212 2560 5⁷.
