1857 3147
929 137 979 175 38

368 270 527 311 Praeter
550 252 815 320 eloquentiam
837 267 996 308 firmum
1019 282 1180 327 quoque
1202 270 1444 322 praesidium
1473 283 1597 312 mmo

313 344 456 384 habuit
472 344 515 382 in
531 341 670 382 ordine
690 340 861 395 equestri
872 338 943 394 (1).
998 341 1046 380 lli
1069 342 1178 382 enim
1194 342 1347 395 equites
1368 343 1455 396 (illa
1473 340 1595 384 iustis-

316 419 414 458 sima
435 422 517 456 erat
540 415 748 468 utriusque
773 414 903 455 fratris
928 414 1030 468 spes)
1055 429 1105 455 ex
1139 428 1209 455 suo
1241 415 1380 456 ordine
1414 417 1597 457 eandida·

315 497 421 539 tum,
453 488 620 528 unicum
652 501 703 527 ex
736 494 902 539 septem.
922 487 1152 530 Consulatus
1179 489 1500 541 competitoribus
1520 489 1600 542 (2),

312 560 493 613 quamvis
509 573 677 609 novum,
703 573 786 599 non
807 560 927 599 facile
948 561 1098 600 auxilio
1119 574 1190 600 suo
1208 574 1381 602 vacuum
1402 562 1599 613 relinque-

312 639 420 684 rent;
449 633 639 685 quoniam
661 633 706 670 in
729 645 778 671 eo
798 633 975 684 ipsorum
996 645 1112 672 eausa
1133 633 1340 684 agebatur3
1370 639 1411 672 et
1431 646 1599 674 summo-

313 719 411 760 pere
433 711 520 746 erat
541 704 783 756 cavendum,
807 718 868 744 ne
895 705 1045 747 ordinis
1066 704 1294 756 auctoritas,
1329 705 1418 758 lege
1439 706 1602 747 Aurelia

312 780 516 828 restituta,
549 792 697 818 omerus
724 778 813 829 lege
835 778 962 829 gratia
985 784 1120 828 aucta,
1149 778 1340 819 canditati
1361 778 1520 830 repulsa
1543 779 1601 818 in-

311 850 548 892 fimaretur.
603 851 660 890 Ex
678 851 770 903 ipsis
790 850 993 903 equitibus
1012 851 1218 902 publicani
1240 852 1407 891 minime
1428 857 1599 892 oontem-

313 924 438 963 nendi
455 929 586 964 erant:
614 940 634 961 n
648 924 720 975 qui
737 923 859 963 ordo'’
883 923 1018 974 inquit
1035 937 1075 962 ιι.
1092 921 1152 976 (3)
1174 929 1356 975 »quanto
1371 923 1602 965 adiumento

313 998 365 1036 sit
392 998 438 1035 in
471 997 643 1046 honore,
679 997 768 1048 quis
801 995 939 1035 nescit.
992 995 1079 1035 Flos
1112 996 1222 1034 enim
1254 996 1437 1047 equitum
1469 996 1601 1045 Rom„

312 1066 593 1108 ornamentum
609 1068 809 1116 civitatis,
843 1067 1136 1106 firmamentum
1160 1067 1273 1123 Reip.
1288 1068 1599 1119 publicanorum

311 1141 452 1180 ordine
474 1126 740 1178 continetur?
792 1139 920 1178 Etiam
945 1139 993 1177 hi
1014 1151 1263 1191 summopere
1285 1146 1399 1179 erant
1420 1154 1600 1183 crosnoms

309 1225 450 1252 causae
466 1210 617 1251 addicti
627 1209 698 1263 (4).
743 1210 778 1249 N
778 1223 825 1249 ee
833 1211 968 1250 minus
980 1210 1019 1248 ei
1029 1211 1249 1261 municipia
1259 1213 1409 1254 auxilio
1418 1212 1598 1252 fuerunt:

306 1286 483 1338 plurima
515 1284 592 1336 ipsi
622 1283 808 1322 favebant
830 1281 907 1336 (5);
947 1283 1080 1322 omnia
1110 1282 1180 1322 illa
1211 1295 1314 1334 quae
1335 1288 1427 1323 sunt
1449 1282 1600 1323 Vibone

306 1357 566 1398 Brundisium
589 1357 634 1393 in
656 1368 839 1394 mmoms
863 1360 975 1394 erant
996 1354 1076 1394 fide
1097 1353 1176 1407 (6);
1212 1357 1443 1405 praesertim
1463 1361 1600 1396 autem

309 1429 446 1469 Atinas
470 1441 582 1467 »non
606 1406 757 1466 assueta
787 1425 1027 1465 mendaciis’'
1051 1424 1127 1479 (7),
1153 1431 1192 1464 et
1211 1424 1426 1478 Arpinum,
1453 1427 1497 1465 in
1520 1440 1601 1479 quo

310 1507 427 1540 natus
447 1506 548 1549 erat,
576 1500 661 1538 eius
684 1510 838 1549 semper
861 1510 1017 1536 eausam
1041 1497 1222 1549 amplexa
1244 1503 1336 1536 sunt
1342 1513 1354 1548 ς
1380 1520 1402 1526 -
1426 1503 1466 1536 et
1488 1505 1600 1541 erant

307 1573 517 1625 Arpinates
549 1584 645 1623 prae
679 1569 821 1610 ceteris
855 1582 1017 1609 suorum
1050 1568 1212 1609 studiosi
1219 1586 1232 1621 3
1260 1583 1336 1609 nee
1368 1570 1453 1609 sine
1476 1569 1600 1611 dubio

307 1646 455 1685 minori
486 1644 612 1696 gratia
642 1649 682 1682 et
714 1642 838 1682 animi
862 1642 1065 1682 voluntate
1090 1642 1286 1693 municipi
1306 1655 1377 1681 suo
1398 1643 1601 1694 mffragati
1644 1630 1649 1637 ⁸

309 1724 424 1767 sunt,
460 1730 582 1769 quam
617 1729 711 1754 eum
740 1721 780 1753 et
813 1719 963 1756 ceteros
995 1715 1053 1762 ibi
1088 1720 1199 1753 natos
1234 1715 1465 1754 clarissimos
1498 1716 1601 1756 viros

310 1802 465 1830 summo
499 1788 640 1828 ardore
675 1793 716 1826 et
752 1787 953 1838 ⁷voluptate
988 1798 1121 1826 eoram
1153 1787 1399 1826 visitantibus
1428 1787 1597 1834 celebra·

309 1869 406 1904 runt
429 1861 499 1917 (8).
553 1861 753 1912 Denique,
789 1865 833 1898 ut
864 1858 916 1898 de
948 1859 1141 1911 collegiis,
1177 1859 1334 1910 vicinis,
1369 1860 1597 1911 tribulibus,

313 1942 354 1976 et
374 1936 432 1974 ibi
453 1934 631 1988 gratiosis
652 1932 900 1983 hominibus,
938 1945 1102 1972 mannum
1131 1932 1372 1982 faventibus,
1399 1933 1450 1973 ab
1471 1945 1598 1986 eoque

314 2011 358 2048 in
383 2009 557 2049 amicitia
576 2007 702 2058 magis
729 2007 851 2046 etiam
882 2005 1160 2046 confirmandis
1180 2004 1259 2059 (9),
1293 2005 1360 2044 hic
1383 2011 1578 2047 taceamus
1584 2037 1596 2057 ,

314 2082 454 2135 populi
487 2080 663 2120 studium
696 2079 878 2118 omittere
912 2077 1023 2118 haud
1056 2077 1183 2118 decet.
1239 2078 1426 2128 Eaedem,
1461 2084 1509 2118 ut
1542 2079 1599 2119 fas

357 2250 413 2294 (Ι)
450 2249 506 2281 De
534 2248 611 2281 Pet.
642 2247 664 2289 §
693 2247 739 2288 3,
766 2247 825 2280 83.
854 2247 925 2291 Ep.
955 2247 1002 2280 ad
1031 2248 1151 2287 Quint.
1173 2246 1201 2279 1.
1228 2247 1264 2280 1.
1291 2247 1348 2280 ³2.
1442 2248 1498 2292 (2)
1533 2249 1598 2282 Pr.

318 2305 439 2337 Plane.
470 2303 505 2337 6.
529 2303 588 2336 18.
622 2300 718 2335 Asc.
748 2303 785 2334 in
813 2302 857 2335 T.
893 2302 955 2344 C.,
999 2301 1115 2335 Plut.
1145 2301 1221 2336 Vir.
1252 2301 1321 2336 cic.
1349 2314 1386 2348 p.
1412 2302 1494 2337 866.
1522 2301 1600 2348 xyl.

316 2359 374 2403 (3)
401 2360 464 2392 Pr.
482 2358 605 2392 Plane.
624 2358 660 2392 9.
683 2357 742 2391 28.
789 2356 930 2403 Μὰρ.
945 2356 1107 2392 Sexi-14.
1124 2356 1183 2392 82.
1275 2357 1330 2403 (4)
1356 2358 1497 2392 DePet.
1515 2356 1538 2400 §
1557 2357 1594 2400 8,

311 2414 508 2457 50.Ep.aa
527 2414 644 2454 Quint.
663 2411 735 2446 1.1.
751 2411 809 2446 35.
905 2412 959 2458 (5)
984 2412 1039 2445 De
1053 2411 1128 2445 Pet.
1150 2410 1172 2454 §
1191 2412 1226 2446 3.
1319 2412 1373 2458 (6)
1399 2412 1596 2447 Pr.P1anc.

307 2469 365 2503 41.
393 2467 452 2502 97.
544 2467 598 2512 (7)
629 2466 720 2502 lbid.
746 2466 780 2500 9.
798 2466 843 2500 22
948 2467 1003 2511 (8)
1037 2466 1128 2501 Ibid.
1152 2467 1185 2502 8.
1208 2467 1264 2502 20.
1356 2466 1412 2514 (9)
1448 2467 1502 2500 De
1520 2468 1594 2502 Pet.

310 2525 395 2566 §3,
420 2523 488 2565 24,
515 2523 581 2564 so,
607 2523 663 2556 50.
