1857 3147
661 620 873 678 CAPUT
907 622 1238 678 ALTERIJM.

780 806 786 812 -
818 787 874 817 DE
902 787 1076 817 Annuu-

413 1226 508 1307 Qui
536 1245 697 1286 tandem
731 1244 882 1285 factum
912 1244 1033 1283 fuerit
1045 1275 1056 1294 ,
1090 1250 1134 1283 ut
1162 1250 1242 1284 tam
1273 1258 1392 1298 parva
1414 1248 1457 1285 in
1480 1249 1592 1287 verbi

306 1320 581 1361 terminatione
616 1316 879 1368 discrepantia
913 1321 1061 1355 tantam
1093 1317 1139 1355 inv
1167 1302 1378 1358 verborum
1405 1320 1594 1372 significa-

305 1394 414 1432 tione
438 1391 614 1431 attulerit
637 1389 920 1439 differentiam,
948 1394 1151 1443 quantumi
1166 1390 1270 1429 inter
1293 1392 1539 1432 ambitionem
1556 1399 1596 1433 et

306 1466 493 1506 ambitum
523 1469 581 1504 est
592 1494 604 1514 ,
631 1462 793 1502 difficile
816 1462 928 1502 dictu
951 1468 1029 1501 est:
1057 1462 1160 1502 forte
1183 1477 1233 1502 ex
1256 1463 1326 1504 illa
1349 1466 1454 1504 vocis
1476 1465 1593 1518 signi-

304 1539 485 1578 ficatione
519 1549 599 1592 qua
633 1536 800 1576 ambitus
830 1541 888 1574 est
909 1535 1064 1575 aedium
1086 1530 1274 1576 circuitus
1285 1567 1297 1587 ,
1323 1537 1421 1577 huic
1444 1538 1598 1591 aliquid

305 1611 497 1659 inhaesit,
534 1622 617 1661 quo
649 1608 911 1658 indicaretur,
946 1621 1027 1647 non
1055 1614 1163 1647 recta
1190 1609 1275 1658 via,
1298 1623 1380 1648 non
1402 1611 1595 1662 ingenua,

306 1683 374 1723 sed
414 1681 732 1735 quibuscumque
765 1680 1136 1720 circumactionibus
1146 1712 1158 1731 ‚
1198 1681 1441 1733 tramitibus,
1479 1688 1597 1735 atque

306 1757 404 1794 hine
427 1754 612 1804 fallaciis,
639 1752 1014 1802 machinationibus,
1037 1753 1088 1792 ad
1110 1753 1229 1793 finem
1249 1755 1492 1806 propositum
1508 1768 1594 1808 per-

307 1841 401 1881 gere
423 1825 494 1882 (l).

359 1899 563 1951 Quidquid
594 1898 668 1947 sit,
703 1898 820 1937 initio
843 1898 924 1937 iam
945 1897 1056 1949 Reip.
1076 1897 1121 1937 R.
1142 1899 1260 1938 illum
1284 1900 1476 1940 ambitum
1500 1912 1592 1950 pau-

305 1972 420 2012 latim
441 1971 623 2009 videmus
645 1970 808 2021 exoriri,
836 1975 954 2022 atque
978 1970 1224 2021 adcrescere,
1251 1985 1441 2012 comoum
1463 1977 1595 2012 tamen

305 2053 483 2097 tempore
516 2036 695 2083 nondu'm
727 2048 810 2082 erat
844 2044 1023 2096 cognitus
1041 2043 1119 2099 (2);
1153 2045 1274 2084 huius
1304 2050 1480 2098 tempore
1504 2058 1593 2085 con-

306 2119 430 2158 stabat
464 2117 596 2157 adhuc
636 2117 680 2155 in
718 2116 967 2156 ostendendis
1002 2118 1258 2167 vulneribus,
1289 2119 1391 2157 notis
1421 2118 1593 2157 virtutis:

308 2192 420 2242 dein,
443 2192 488 2231 in
508 2189 689 2243 augendo
711 2190 913 2243 petitionis
935 2191 1162 2244 splendore,
1189 2196 1229 2231 et
1245 2204 1405 2244 pompa,
1433 2197 1472 2232 et
1493 2192 1592 2231 inci-

307 2266 426 2305 tando
454 2265 665 2304 hominum
699 2264 840 2304 ardore
867 2270 905 2303 et
925 2265 1127 2304 voluntate
1145 2263 1203 2318 (3)
1214 2281 1225 2315 3
1260 2271 1327 2314 ut,
1354 2271 1461 2304 creta
1483 2271 1596 2317 togae

352 2381 407 2426 (1)
435 2380 640 2414 francorum
668 2381 726 2414 des
751 2380 925 2413 aleman-s
955 2381 1082 2426 tropico
1110 2391 1246 2426 quoque
1283 2392 1384 2415 sensu
1410 2380 1599 2414 adhibetur⁴

308 2437 362 2482 (2)
396 2436 513 2470 Plut.
544 2437 580 2469 in
613 2436 737 2470 σανίσι.
765 2447 800 2481 p.
820 2433 899 2468 220.
921 2434 1014 2480 xyl.
1111 2435 1164 2479 (3)
1192 2435 1305 2471 Plut.
1327 2435 1411 2470 ibid.
1428 2461 1437 2478 ,
1466 2436 1601 2476 Quaest.

307 2493 408 2526 Rom.
429 2503 462 2536 p.
483 2491 562 2525 2⁷6.
583 2490 676 2535 xyl.
