1857 3147
907 147 930 185 3
984 195 986 197 ,

271 281 446 334 σαπείη
474 270 694 322 mirandum
721 277 1543 334 veroabinsidiatofibmetpmfidis.-Ad

274 356 505 407 popularem
523 356 716 395 rationem
739 356 931 406 pertinet,
958 360 1003 394 ut
1025 350 1176 404 omnes,
1199 357 1323 407 ipsam
1344 356 1445 395 adeo
1462 356 1550 407 ple—

273 428 364 468 bem
385 441 545 469 noscere
563 427 754 478 videaris,
781 423 962 468 omnibus
970 425 1185 467 benevolus
1204 427 1269 480 sis,
1293 428 1398 469 bene
1415 427 1550 469 audias

270 507 310 540 et
343 502 516 541 multum
549 497 600 539 de
635 506 675 540 te
704 506 862 553 spemnt
893 500 938 538 in
970 499 1066 552 nep.
1131 496 1218 540 Non
1249 506 1381 540 tamen
1414 507 1550 552 tegere

271 572 402 614 studet
422 587 588 625 maurus,
614 584 734 628 quam
754 571 915 614 difficile
934 572 1069 624 sit‚'in
1091 578 1198 614 tanta
1217 573 1425 614 hominum
1441 573 1549 615 mul·

273 646 469 698 titudine,
497 654 585 687 ¹tam
618 647 863 687 diversarum
893 646 1067 698 partium
1099 651 1141 684 et
1168 647 1342 697 ingenii,
1368 647 1551 686 omnibus

273 720 445 772 placere:
464 721 509 760 in
518 734 599 773 quo
613 725 747 760 tamen
762 720 935 760 multum
945 718 1172 772 eloquentia
1186 719 1308 771 valet;
1324 725 1443 771 atque
1453 719 1553 760 adeo

272 792 381 832 haud
421 792 534 845 parvi
574 792 764 832 momenti
796 797 875 842 est,
914 791 1116 832 interdum
1147 791 1428 845 largientibus,
1463 805 1553 832 cor-

273 866 518 918 ruptoribus,
545 866 715 906 ambitus
729 866 925 917 studiosis,
942 864 1182 906 iudiciorum
1198 870 1351 906 metum
1370 865 1552 915 iniicere,

270 943 315 978 ut
347 939 401 979 ita
434 938 606 991 perculsi
636 937 894 979 admiratione
921 937 982 979 tui
1005 938 1143 990 'potius
1163 950 1287 990 quam
1307 938 1555 978 accusatione

269 1010 403 1051 futura
428 1011 650 1062 perterriti,
677 1011 751 1049 tibi
775 1009 1050 1062 suffragentur.
1566 1018 1570 1023 '

323 1083 512 1123 Honestae
545 1096 638 1122 sane
670 1083 891 1135 petitionis,
924 1083 1008 1121 sine
1035 1080 1188 1122 ambitu
1218 1087 1260 1121 et
1282 1083 1491 1135 largitione
1512 1088 1553 1121 et

269 1156 463 1195 coitione*
472 1155 734 1195 instituendae
745 1185 758 1204 ,
792 1167 887 1195 eece
907 1155 1280 1207 praestantissimum
1303 1156 1554 1208 exemplum,

269 1226 377 1280 quod
410 1227 589 1279 quamvis
621 1227 813 1279 imprimis
846 1225 897 1266 ad
924 1239 962 1265 u.
991 1236 1191 1266 ermom
1222 1226 1388 1279 eiusque
1418 1227 1462 1266 in
1492 1227 1553 1267 ci-

270 1300 391 1339 vitate
423 1300 592 1339 rationes
621 1300 839 1350 pertineat,
874 1304 1008 1337 tamen
1042 1299 1226 1337 universe
1259 1303 1420 1351 quoque
1455 1301 1555 1340 utile

270 1385 351 1411 esse
373 1375 527 1424 poterat
548 1370 730 1411 omnibus
751 1370 1005 1422 Consulatum
1020 1362 1266 1423 petentibust
1293 1382 1374 1424 quo
1392 1372 1556 1413 consilio

269 1446 377 1484 misit
406 1445 526 1483 etiam
555 1445 660 1484 hanc
691 1437 808 1484 fratri
839 1454 988 1486 mmmm
1022 1432 1251 1494 epistolam:
1283 1446 1356 1497 qui
1383 1459 1472 1485 eam
1485 1477 1497 1496 ,
1523 1447 1558 1485 si

271 1532 368 1570 opus
399 1521 520 1566 esset,
553 1517 791 1568 corrigeret,
827 1523 873 1556 ut
899 1517 955 1556 ita
976 1516 1196 1568 perfectum
1218 1517 1331 1558 fieret
1352 1519 1554 1570 petitionis

271 1588 649 1629 commentariolum.

322 1733 413 1773 Tale
445 1733 529 1772 fere
561 1729 682 1772 huius
712 1730 894 1783 opusculi
927 1734 1203 1783 argumentum
1237 1738 1315 1772 est:
1342 1733 1442 1773 haec
1461 1741 1550 1775 sunt

271 1806 433 1847 consilia
467 1819 570 1858 quae
604 1805 719 1845 fratri
750 1817 900 1848 <sumtus
930 1804 1052 1846 dedit.
1106 1806 1193 1846 Non
1221 1809 1355 1846 tamen
1384 1807 1462 1846 erit
1482 1821 1551 1847 su-
1578 1800 1585 1804 ”

270 1892 510 1933 pervacuum
517 1908 529 1929 ,
559 1875 739 1918 ordinem
773 1888 894 1930 quem
927 1878 972 1917 in
1006 1878 1070 1917 his
1102 1883 1259 1919 secutus
1297 1885 1378 1930 est,
1416 1882 1553 1932 paneis

269 1966 486 2006 exponere,
525 1957 565 1991 et
595 1952 800 1992 ostendere
834 1964 957 2004 quam
990 1954 1249 1992 consentanee
1282 1954 1435 2005 logicae
1468 1956 1550 1994 dis-

269 2026 477 2066 tributioni
496 2026 651 2078 singula
672 2030 712 2064 et
733 2024 917 2065 retulerit
936 2030 977 2064 et
999 2024 1304 2066 adumbraverit.

322 2099 534 2139 Exordium
556 2099 608 2138 de
627 2098 761 2137 fratris
782 2098 902 2137 laude
922 2102 966 2137 et
985 2098 1038 2137 de
1061 2100 1131 2138 suo
1153 2099 1352 2139 scribendi
1372 2101 1546 2140 consilio.

271 2171 298 2224 §
326 2171 361 2210 1.
814 2210 820 2213 ,
927 2188 930 2190 ·

325 2242 513 2294 Opusculi
545 2242 772 2282 distributio
802 2242 848 2281 in
882 2246 959 2282 tres
991 2249 1140 2295 partes,
1172 2244 1224 2283 de
1252 2258 1417 2296 persona
1444 2259 1547 2299 quae

273 2316 394 2368 petit,
420 2314 471 2354 de
492 2329 540 2354 eo
561 2315 670 2368 quod
691 2316 863 2367 petitur,
889 2315 941 2354 de
961 2316 1049 2355 loco
1069 2317 1141 2356 ubi
1163 2315 1312 2368 petitur
1333 2317 1404 2371 (1).

317 2491 371 2537 (1)
395 2491 482 2527 Haec
503 2492 674 2537 pertinent
701 2504 837 2538 quoque
862 2491 903 2526 ad
933 2491 982 2535 §¹¹¹
1009 2493 1077 2535 1⁰¹3
1100 2493 1151 2526 2⁸.
1171 2493 1321 2539 incipere
1343 2495 1515 2530 debuisset
1531 2508 1547 2529 a

273 2546 403 2582 verbi-2
439 2548 585 2582 nominis
602 2548 797 2580 novitatem.

1321 2614 1375 2651 1*
