1857 3147
851 112 897 151 61

245 250 396 300 addita,
413 272 435 279 -
451 254 514 299 ut,
535 246 724 304 nundinis
734 251 775 286 et
785 246 1056 287 conciliabulis
1067 245 1181 286 obitis
1191 260 1213 286 a
1225 248 1336 287 novis
1346 250 1514 289 maxime

241 323 464 364 hominibus
475 354 487 373 ,
522 322 593 374 qui
621 320 886 371 patriciorum.
901 321 1098 360 honorum
1119 321 1326 373 participes
1346 321 1431 360 fieri
1453 335 1513 362 co-

241 397 451 448 nabantur5
487 401 528 435 et
555 400 692 435 contra
713 406 810 445 quos
832 407 866 433 a.
892 407 933 433 u.
956 392 1035 432 397
1056 392 1144 443 lege
1164 393 1333 433 Poetelia
1355 391 1525 434 cautum'

246 475 302 510 est
321 468 399 524 (l);
425 490 448 497 -
472 473 516 506 ut
542 466 731 511 adhibitis
751 464 1105 507 nomenclatoribus
1119 471 1160 505 et
1176 466 1402 519 sartoribus,
1422 469 1518 521 qui,

242 553 368 593 quum
401 540 446 578 in
475 545 584 578 tanto
610 539 757 591 populo
791 545 831 578 et
856 538 901 578 in
929 539 1044 577 tantis
1071 539 1175 578 vitae
1201 541 1520 591 occupationibus

242 612 551 664 uniuscuiusque
578 612 739 652 nomina
759 616 896 651 tenere
919 609 1224 663 difficileemet,
1241 612 1339 652 haec
1361 613 1522 654 auribus

243 686 563 736 candidatomm3
596 686 697 724 clam
728 685 840 724 velut
853 683 1114 723 ‘infercirentz
1138 685 1260 735 'atque
1282 683 1377 724 bine
1398 687 1520 725 moni·

244 764 344 798 tores
364 772 524 811 quoque
543 757 729 809 appellati
753 762 843 796 sunt
865 755 941 809 (2);
968 756 1128 805 tandem
1145 746 1329 795 mercede
1347 758 1522 810 corrupti

240 836 331 871 sunt
353 830 538 884 quidam,
565 830 636 883 qui
662 824 818 869 obviam
844 828 947 868 irent
965 827 1197 879 candidatis,
1225 829 1372 883 aliique
1392 831 1521 883 pretio

242 905 336 942 emti
352 910 571 951 sectatores,
594 903 666 954 qui
683 902 913 941 deductioni
929 915 1112 953 pompam
1129 896 1330 942 adderexit.
1359 903 1522 942 Eosdem

241 981 373 1016 autem
404 990 476 1028 per
511 976 655 1016 amicos
686 975 878 1024 invitare,
903 986 1071 1025 rogare,
1084 975 1288 1026 zincitare,
1322 976 1420 1017 vitio
1441 990 1522 1019 non

244 1048 462 1088 ducebatur
485 1045 555 1100 (3).
968 1053 972 1057 ’
1468 1048 1471 1052 “

295 1120 371 1159 Sed
404 1119 589 1171 temporis
622 1120 750 1171 lapsu,
789 1121 964 1159 moribus
997 1121 1121 1171 magis
1153 1121 1273 1159 etiam
1309 1125 1521 1174 corruptis,

241 1191 358 1244 plebe
380 1191 610 1243 spectaculis
631 1197 671 1231 et
692 1191 812 1230 donis
823 1197 1082 1242 assuescente,
1096 1205 1190 1231 'non
1204 1194 1287 1233 sine
1307 1195 1521 1245 pecuniae,

240 1265 486 1316 aliorumque
508 1264 790 1303 beneficiorum
811 1264 1065 1312 liberalitate,
1091 1266 1322 1316 popularem
1337 1267 1521 1307 volunta·
1569 1306 1579 1314 ,

240 1339 320 1375 tem
354 1336 429 1375 sibi
463 1335 665 1379 devincire
697 1334 899 1375 candidati
932 1335 1101 1387 aggressi
1119 1340 1234 1376 sunt.
1267 1337 1521 1380 *Praesertim

240 1413 324 1460 post
345 1408 451 1447 bella
471 1407 638 1457 Punica,
665 1412 704 1446 et
727 1407 901 1459 primum
923 1407 1394 1460 acquisitas,provinci.·=s,‘x
1407 1411 1520 1452 adeo-

241 1494 320 1533 que
355 1481 507 1520 Saeculi
540 1480 626 1519 VIIi
662 1481 794 1530 initio,
834 1481 1044 1520 surrexisse
1076 1480 1235 1520 videtur
1255 1482 1325 1522 illa
1353 1485 1522 1524 ambitus

240 1554 415 1606 largitio,
448 1567 550 1605 quae
580 1567 712 1593 snm:
746 1553 826 1592 iam
855 1558 1030 1605 tempore
1055 1553 1140 1593 sine
1172 1554 1256 1593 ulla
1281 1556 1520 1597 verecundia

242 1627 495 1666 exercebatur
511 1624 580 1679 (4).
619 1625 818 1677 Denique,
845 1625 997 1664 ultimis
1013 1625 1125 1677 Reip.
1151 1628 1414 1678 temporibus,
1439 1643 1521 1669 non

241 1699 326 1738 sine
354 1699 417 1749 vi,
453 1703 494 1738 et
523 1698 681 1738 armatis
701 1711 815 1750 saepe
837 1697 1084 1749 hominibus,
1110 1698 1181 1738 illa
1202 1699 1387 1752 suffragia
1407 1715 1516 1754 eoge-

240 1771 397 1810 bantur.
451 1770 507 1808 De
527 1770 690 1820 singulis
712 1770 793 1808 iam
817 1771 1035 1809 accuratius
1058 1770 1272 1812 videamus.

293 1915 482 1966 Largffio,
511 1920 555 1953 ut
577 1915 768 1963 diximus,
795 1913 942 1965 duplex
964 1920 1063 1953 erat:
1092 1921 1261 1968 utraque
1282 1920 1430 1969 species
1448 1934 1521 1973 pro

239 1984 349 2040 'parte
360 1988 494 2040 aliqua
503 1988 582 2027 iam
593 1987 636 2025 in
646 1986 848 2026 honestam
859 2000 1018 2038 quoque
1029 1987 1283 2028 ambitionem
1293 1990 1517 2043 irrepserat:

241 2074 335 2100 nam
370 2062 452 2113 ipse
487 2074 528 2103 o.
565 2060 726 2099 fratrem
765 2059 902 2103 incitat
939 2059 990 2100 ad
1024 2073 1111 2100 eam
1143 2061 1432 2114 benignitatem
1457 2065 1517 2103 rei

241 2133 466 2182 familiaris,
501 2139 539 2172 et
566 2132 855 2181 conviviorum,
879 2136 1037 2184 »quae’'
1061 2134 1190 2185 inquit
1209 2151 1228 2172 n
1241 2136 1303 2174 fac
1326 2141 1367 2177 et
1389 2137 1455 2175 abs
1476 2143 1516 2176 te

242 2211 281 2245 et
314 2205 366 2245 ab
401 2205 535 2247 amicis
563 2205 641 2244 tuis
663 2203 986 2245 concelebrentur
1008 2210 1049 2244 et
1072 2206 1212 2257 passim
1234 2212 1274 2246 et
1295 2207 1515 2250 tributim.”

289 2395 341 2439 (1)
367 2393 442 2426 Liv.
461 2392 537 2426 vn.
554 2393 610 2426 15.
683 2391 737 2437 (2)
763 2390 850 2425 Cic.
865 2393 910 2435 μ’
923 2391 1021 2424 Mur.
1040 2391 1098 2426 36.
1114 2390 1182 2433 77,
1207 2392 1323 2427 Plin.
1340 2394 1516 2441 &neg-qr.

241 2449 310 2492 23,
331 2447 448 2484 Paul.
467 2446 586 2481 Diae.
607 2454 753 2494 excerpt.
773 2458 815 2481 ex
834 2446 946 2481 rest.
966 2447 1030 2482 Ed.
1048 2446 1073 2481 l.
1093 2447 1301 2494 1⁸.11.p.66.
1373 2450 1426 2497 (3)
1452 2453 1517 2486 Pr.

243 2505 337 2538 Mur.
361 2504 417 2538 32.
437 2504 494 2538 67.
586 2503 640 2546 (4)
668 2503 782 2536 Plut.
803 2505 840 2536 in
863 2503 963 2549 Sylla
986 2515 1021 2548 p.
1040 2503 1117 2538 45⁷.
1136 2503 1228 2549 151.
1258 2542 1261 2544 a
