<?xml version="1.0" encoding="UTF-8"?>
<!DOCTYPE html PUBLIC "-//W3C//DTD XHTML 1.0 Transitional//EN"
    "http://www.w3.org/TR/xhtml1/DTD/xhtml1-transitional.dtd">
<html xmlns="http://www.w3.org/1999/xhtml" xml:lang="en" lang="en">
 <head>
  <title>
</title>
<meta http-equiv="Content-Type" content="text/html;charset=utf-8" />
  <meta name='ocr-system' content='tesseract 3.04.00' />
  <meta name='ocr-capabilities' content='ocr_page ocr_carea ocr_par ocr_line ocrx_word'/>
</head>
<body>
  <div class='ocr_page' id='page_1' title='image "4737851_0065.png"; bbox 0 0 1857 3147; ppageno 0'>
   <div class='ocr_carea' id='block_1_1' title="bbox 846 143 897 182">
    <p class='ocr_par' dir='ltr' id='par_1_1' title="bbox 846 143 897 182">
     <span class='ocr_line' id='line_1_1' title="bbox 846 143 897 182; baseline 0 0"><span class='ocrx_word' id='word_1_1' title='bbox 846 143 897 182; x_wconf 84' lang='lat'><strong>49</strong></span> 
     </span>
    </p>
   </div>
   <div class='ocr_carea' id='block_1_2' title="bbox 176 276 1522 1926">
    <p class='ocr_par' dir='ltr' id='par_1_2' title="bbox 216 276 1494 550">
     <span class='ocr_line' id='line_1_2' title="bbox 219 276 1494 331; baseline 0.001 -14"><span class='ocrx_word' id='word_1_2' title='bbox 219 280 356 331; x_wconf 72' lang='lat' dir='ltr'><strong>gitime</strong></span> <span class='ocrx_word' id='word_1_3' title='bbox 379 283 534 331; x_wconf 85' lang='lat' dir='ltr'><strong>peracta</strong></span> <span class='ocrx_word' id='word_1_4' title='bbox 556 277 662 317; x_wconf 84' lang='lat' dir='ltr'><strong>fore:</strong></span> <span class='ocrx_word' id='word_1_5' title='bbox 691 277 840 331; x_wconf 87' lang='lat' dir='ltr'><strong>quique</strong></span> <span class='ocrx_word' id='word_1_6' title='bbox 863 278 896 316; x_wconf 91' lang='lat' dir='ltr'><strong>si</strong></span> <span class='ocrx_word' id='word_1_7' title='bbox 920 276 1112 317; x_wconf 77' lang='lat' dir='ltr'><strong>vel-fraus</strong></span> <span class='ocrx_word' id='word_1_8' title='bbox 1134 278 1262 329; x_wconf 81' lang='lat' dir='ltr'><strong>fieret,</strong></span> <span class='ocrx_word' id='word_1_9' title='bbox 1290 279 1363 318; x_wconf 62' lang='lat' dir='ltr'><strong>vel·</strong></span> <span class='ocrx_word' id='word_1_10' title='bbox 1377 281 1435 318; x_wconf 87' lang='lat' dir='ltr'><strong>vis</strong></span> <span class='ocrx_word' id='word_1_11' title='bbox 1456 287 1494 319; x_wconf 86' lang='lat' dir='ltr'><strong>et</strong></span> 
     </span>
     <span class='ocr_line' id='line_1_3' title="bbox 219 349 1491 403; baseline 0 -12"><span class='ocrx_word' id='word_1_12' title='bbox 219 352 357 392; x_wconf 83' lang='lat' dir='ltr'><strong>turbae</strong></span> <span class='ocrx_word' id='word_1_13' title='bbox 391 355 667 401; x_wconf 86' lang='lat' dir='ltr'><strong>moverentur,</strong></span> <span class='ocrx_word' id='word_1_14' title='bbox 706 355 775 389; x_wconf 84' lang='lat' dir='ltr'><strong>aut</strong></span> <span class='ocrx_word' id='word_1_15' title='bbox 795 350 902 403; x_wconf 84' lang='lat' dir='ltr'><strong>quod</strong></span> <span class='ocrx_word' id='word_1_16' title='bbox 920 349 1093 403; x_wconf 73' lang='lat' dir='ltr'><strong>praesint</strong></span> <span class='ocrx_word' id='word_1_17' title='bbox 1114 351 1280 391; x_wconf 85' lang='lat' dir='ltr'><strong>comitiis</strong></span> <span class='ocrx_word' id='word_1_18' title='bbox 1292 381 1304 402; x_wconf 89' lang='lat'>‚</span> <span class='ocrx_word' id='word_1_19' title='bbox 1331 357 1376 391; x_wconf 89' lang='lat' dir='ltr'><strong>ut</strong></span> <span class='ocrx_word' id='word_1_20' title='bbox 1398 352 1491 393; x_wconf 90' lang='lat' dir='ltr'><strong>Con-</strong></span> 
     </span>
     <span class='ocr_line' id='line_1_4' title="bbox 216 424 1490 477; baseline -0.001 -13"><span class='ocrx_word' id='word_1_21' title='bbox 216 426 318 464; x_wconf 90' lang='lat' dir='ltr'><strong>sules</strong></span> <span class='ocrx_word' id='word_1_22' title='bbox 329 456 340 475; x_wconf 94' lang='lat'><em>‚</em></span> <span class='ocrx_word' id='word_1_23' title='bbox 379 432 447 465; x_wconf 83' lang='lat' dir='ltr'><strong>aut</strong></span> <span class='ocrx_word' id='word_1_24' title='bbox 480 425 588 477; x_wconf 88' lang='lat' dir='ltr'><strong>quod</strong></span> <span class='ocrx_word' id='word_1_25' title='bbox 622 424 867 463; x_wconf 66' lang='lat' dir='ltr'>intercedere</span> <span class='ocrx_word' id='word_1_26' title='bbox 899 424 1064 474; x_wconf 78' lang='lat' dir='ltr'><strong>possint,</strong></span> <span class='ocrx_word' id='word_1_27' title='bbox 1092 429 1136 462; x_wconf 83' lang='lat' dir='ltr'><strong>ut</strong></span> <span class='ocrx_word' id='word_1_28' title='bbox 1156 425 1319 464; x_wconf 82' lang='lat' dir='ltr'><strong>Tribuni</strong></span> <span class='ocrx_word' id='word_1_29' title='bbox 1340 425 1490 476; x_wconf 87' lang='lat' dir='ltr'><strong>plebis,</strong></span> 
     </span>
     <span class='ocr_line' id='line_1_5' title="bbox 216 495 1276 550; baseline -0.002 -11"><span class='ocrx_word' id='word_1_30' title='bbox 216 496 592 549; x_wconf 32' lang='lat' dir='ltr'><strong>dimoverevposse&#39;nt</strong></span> <span class='ocrx_word' id='word_1_31' title='bbox 614 496 781 537; x_wconf 87' lang='lat' dir='ltr'><strong>nefarios</strong></span> <span class='ocrx_word' id='word_1_32' title='bbox 793 495 1009 537; x_wconf 65' lang='lat' dir='ltr'><strong>vcomiti-ave</strong></span> <span class='ocrx_word' id='word_1_33' title='bbox 1031 496 1189 536; x_wconf 85' lang='lat' dir='ltr'><strong>differre</strong></span> <span class='ocrx_word' id='word_1_34' title='bbox 1207 497 1276 550; x_wconf 91' lang='lat'>(1).</span> 
     </span>
    </p>

    <p class='ocr_par' dir='ltr' id='par_1_3' title="bbox 176 568 1522 1926">
     <span class='ocr_line' id='line_1_6' title="bbox 264 568 1484 620; baseline 0.002 -13"><span class='ocrx_word' id='word_1_35' title='bbox 264 569 315 607; x_wconf 90' lang='lat' dir='ltr'><strong>At</strong></span> <span class='ocrx_word' id='word_1_36' title='bbox 349 580 430 608; x_wconf 91' lang='lat' dir='ltr'><strong>non</strong></span> <span class='ocrx_word' id='word_1_37' title='bbox 463 568 622 620; x_wconf 86' lang='lat' dir='ltr'><strong>sufficit,</strong></span> <span class='ocrx_word' id='word_1_38' title='bbox 656 581 679 609; x_wconf 89' lang='lat' dir='ltr'><strong>a</strong></span> <span class='ocrx_word' id='word_1_39' title='bbox 711 569 860 609; x_wconf 71' lang='lat' dir='ltr'><strong>nostris⁴</strong></span> <span class='ocrx_word' id='word_1_40' title='bbox 876 572 1029 607; x_wconf 81' lang='lat' dir='ltr'><strong>tantum</strong></span> <span class='ocrx_word' id='word_1_41' title='bbox 1050 568 1308 609; x_wconf 75' lang='lat' dir='ltr'><strong>familiaribus</strong></span> <span class='ocrx_word' id='word_1_42' title='bbox 1327 575 1367 609; x_wconf 90' lang='lat' dir='ltr'><strong>et</strong></span> <span class='ocrx_word' id='word_1_43' title='bbox 1388 571 1484 610; x_wconf 79' lang='lat' dir='ltr'><strong>ami-</strong></span> 
     </span>
     <span class='ocr_line' id='line_1_7' title="bbox 176 645 1486 694; baseline -0.001 -10"><span class='ocrx_word' id='word_1_44' title='bbox 176 675 182 680; x_wconf 28' lang='lat'>*</span> <span class='ocrx_word' id='word_1_45' title='bbox 209 645 265 684; x_wconf 83' lang='lat' dir='ltr'><strong>cis</strong></span> <span class='ocrx_word' id='word_1_46' title='bbox 283 645 568 693; x_wconf 85' lang='lat' dir='ltr'><strong>commendari,</strong></span> <span class='ocrx_word' id='word_1_47' title='bbox 592 646 635 683; x_wconf 91' lang='lat' dir='ltr'><strong>in</strong></span> <span class='ocrx_word' id='word_1_48' title='bbox 657 652 788 684; x_wconf 87' lang='lat' dir='ltr'><strong>nostra</strong></span> <span class='ocrx_word' id='word_1_49' title='bbox 803 650 956 683; x_wconf 77' lang='lat' dir='ltr'><strong>tantum</strong></span> <span class='ocrx_word' id='word_1_50' title='bbox 970 645 1079 683; x_wconf 83' lang='lat' dir='ltr'><strong>tribu</strong></span> <span class='ocrx_word' id='word_1_51' title='bbox 1096 645 1296 693; x_wconf 73' lang='lat' dir='ltr'><strong>suffragia,</strong></span> <span class='ocrx_word' id='word_1_52' title='bbox 1308 648 1486 694; x_wconf 79' lang='lat' dir='ltr'><strong>quamvis</strong></span> 
     </span>
     <span class='ocr_line' id='line_1_8' title="bbox 213 711 1522 767; baseline -0.002 -14"><span class='ocrx_word' id='word_1_53' title='bbox 213 713 364 765; x_wconf 85' lang='lat' dir='ltr'><strong>omnia,</strong></span> <span class='ocrx_word' id='word_1_54' title='bbox 396 713 523 767; x_wconf 83' lang='lat' dir='ltr'><strong>serre3</strong></span> <span class='ocrx_word' id='word_1_55' title='bbox 552 725 671 767; x_wconf 86' lang='lat' dir='ltr'><strong>opera</strong></span> <span class='ocrx_word' id='word_1_56' title='bbox 692 717 895 767; x_wconf 79' lang='lat' dir='ltr'><strong>praeterea</strong></span> <span class='ocrx_word' id='word_1_57' title='bbox 917 716 974 753; x_wconf 86' lang='lat' dir='ltr'><strong>est</strong></span> <span class='ocrx_word' id='word_1_58' title='bbox 999 711 1149 764; x_wconf 81' lang='lat' dir='ltr'><strong>danda,</strong></span> <span class='ocrx_word' id='word_1_59' title='bbox 1174 713 1284 753; x_wconf 80' lang='lat' dir='ltr'><strong>utin</strong></span> <span class='ocrx_word' id='word_1_60' title='bbox 1305 713 1487 766; x_wconf 85' lang='lat' dir='ltr'><strong>omnibus</strong></span> <span class='ocrx_word' id='word_1_61' title='bbox 1519 750 1522 751; x_wconf 14' lang='grc' dir='ltr'><em>γ</em></span> 
     </span>
     <span class='ocr_line' id='line_1_9' title="bbox 210 789 1485 838; baseline -0.001 -11"><span class='ocrx_word' id='word_1_62' title='bbox 210 791 295 827; x_wconf 83' lang='lat' dir='ltr'><strong>aliis</strong></span> <span class='ocrx_word' id='word_1_63' title='bbox 333 791 522 828; x_wconf 87' lang='lat' dir='ltr'><strong>centuriis</strong></span> <span class='ocrx_word' id='word_1_64' title='bbox 559 790 672 827; x_wconf 89' lang='lat' dir='ltr'><strong>nobis</strong></span> <span class='ocrx_word' id='word_1_65' title='bbox 704 790 847 827; x_wconf 82' lang='lat' dir='ltr'><strong>amicos</strong></span> <span class='ocrx_word' id='word_1_66' title='bbox 879 800 1171 838; x_wconf 84' lang='lat' dir='ltr'><strong>comparemus,</strong></span> <span class='ocrx_word' id='word_1_67' title='bbox 1209 789 1280 838; x_wconf 78' lang='lat' dir='ltr'><strong>qui</strong></span> <span class='ocrx_word' id='word_1_68' title='bbox 1314 802 1378 826; x_wconf 88' lang='lat' dir='ltr'><strong>eos</strong></span> <span class='ocrx_word' id='word_1_69' title='bbox 1409 790 1485 826; x_wconf 87' lang='lat' dir='ltr'><strong>sibi</strong></span> 
     </span>
     <span class='ocr_line' id='line_1_10' title="bbox 207 858 1484 915; baseline 0 -14"><span class='ocrx_word' id='word_1_70' title='bbox 207 860 395 915; x_wconf 83' lang='lat' dir='ltr'><strong>nobisque</strong></span> <span class='ocrx_word' id='word_1_71' title='bbox 424 858 581 915; x_wconf 78' lang='lat' dir='ltr'><strong>possint·</strong></span> <span class='ocrx_word' id='word_1_72' title='bbox 599 859 820 901; x_wconf 81' lang='lat' dir='ltr'><strong>devincire:</strong></span> <span class='ocrx_word' id='word_1_73' title='bbox 848 859 892 900; x_wconf 91' lang='lat' dir='ltr'><strong>hi</strong></span> <span class='ocrx_word' id='word_1_74' title='bbox 914 859 1084 913; x_wconf 89' lang='lat' dir='ltr'><strong>duplicis</strong></span> <span class='ocrx_word' id='word_1_75' title='bbox 1100 859 1255 913; x_wconf 76' lang='lat' dir='ltr'><strong>generis</strong></span> <span class='ocrx_word' id='word_1_76' title='bbox 1275 865 1389 901; x_wconf 86' lang='lat' dir='ltr'><strong>sunt:</strong></span> <span class='ocrx_word' id='word_1_77' title='bbox 1416 860 1484 901; x_wconf 85' lang='lat' dir='ltr'><strong>vel</strong></span> 
     </span>
     <span class='ocr_line' id='line_1_11' title="bbox 209 934 1485 985; baseline -0.002 -13"><span class='ocrx_word' id='word_1_78' title='bbox 209 936 315 973; x_wconf 90' lang='lat' dir='ltr'><strong>enim</strong></span> <span class='ocrx_word' id='word_1_79' title='bbox 345 936 470 985; x_wconf 79' lang='lat' dir='ltr'><strong>gratia</strong></span> <span class='ocrx_word' id='word_1_80' title='bbox 496 936 575 972; x_wconf 85' lang='lat' dir='ltr'><strong>iam</strong></span> <span class='ocrx_word' id='word_1_81' title='bbox 595 935 746 985; x_wconf 90' lang='lat' dir='ltr'><strong>pollent</strong></span> <span class='ocrx_word' id='word_1_82' title='bbox 771 934 878 984; x_wconf 87' lang='lat' dir='ltr'><strong>apud</strong></span> <span class='ocrx_word' id='word_1_83' title='bbox 899 946 1009 971; x_wconf 86' lang='lat' dir='ltr'><strong>suam</strong></span> <span class='ocrx_word' id='word_1_84' title='bbox 1032 935 1199 984; x_wconf 87' lang='lat' dir='ltr'><strong>quisque</strong></span> <span class='ocrx_word' id='word_1_85' title='bbox 1222 934 1372 971; x_wconf 77' lang='lat' dir='ltr'><strong>tribum</strong></span> <span class='ocrx_word' id='word_1_86' title='bbox 1385 962 1397 981; x_wconf 92' lang='lat'><em>,</em></span> <span class='ocrx_word' id='word_1_87' title='bbox 1421 946 1485 971; x_wconf 86' lang='lat' dir='ltr'><strong>ex-</strong></span> 
     </span>
     <span class='ocr_line' id='line_1_12' title="bbox 208 1006 1482 1060; baseline -0.002 -12"><span class='ocrx_word' id='word_1_88' title='bbox 208 1008 312 1060; x_wconf 86' lang='lat' dir='ltr'><strong>perti</strong></span> <span class='ocrx_word' id='word_1_89' title='bbox 343 1021 428 1047; x_wconf 90' lang='lat' dir='ltr'><strong>rem</strong></span> <span class='ocrx_word' id='word_1_90' title='bbox 462 1008 506 1046; x_wconf 91' lang='lat' dir='ltr'><strong>in</strong></span> <span class='ocrx_word' id='word_1_91' title='bbox 533 1007 701 1059; x_wconf 89' lang='lat' dir='ltr'><strong>propriis</strong></span> <span class='ocrx_word' id='word_1_92' title='bbox 726 1006 966 1058; x_wconf 82' lang='lat' dir='ltr'><strong>petionibus3</strong></span> <span class='ocrx_word' id='word_1_93' title='bbox 991 1007 1057 1046; x_wconf 81' lang='lat' dir='ltr'><strong>vel</strong></span> <span class='ocrx_word' id='word_1_94' title='bbox 1079 1011 1171 1045; x_wconf 87' lang='lat' dir='ltr'><strong>sunt</strong></span> <span class='ocrx_word' id='word_1_95' title='bbox 1192 1007 1263 1058; x_wconf 85' lang='lat' dir='ltr'><strong>qui</strong></span> <span class='ocrx_word' id='word_1_96' title='bbox 1285 1006 1329 1045; x_wconf 90' lang='lat' dir='ltr'><strong>in</strong></span> <span class='ocrx_word' id='word_1_97' title='bbox 1350 1006 1482 1058; x_wconf 78' lang='lat' dir='ltr'><strong>aliqua</strong></span> 
     </span>
     <span class='ocr_line' id='line_1_13' title="bbox 208 1077 1482 1129; baseline 0.001 -13"><span class='ocrx_word' id='word_1_98' title='bbox 208 1080 335 1117; x_wconf 88' lang='lat' dir='ltr'><strong>tribus</strong></span> <span class='ocrx_word' id='word_1_99' title='bbox 356 1092 449 1118; x_wconf 87' lang='lat' dir='ltr'><strong>suae</strong></span> <span class='ocrx_word' id='word_1_100' title='bbox 469 1083 581 1129; x_wconf 81' lang='lat' dir='ltr'><strong>parte</strong></span> <span class='ocrx_word' id='word_1_101' title='bbox 604 1078 669 1116; x_wconf 85' lang='lat' dir='ltr'><strong>vel</strong></span> <span class='ocrx_word' id='word_1_102' title='bbox 690 1078 846 1116; x_wconf 83' lang='lat' dir='ltr'><strong>valeant</strong></span> <span class='ocrx_word' id='word_1_103' title='bbox 863 1077 928 1116; x_wconf 83' lang='lat' dir='ltr'><strong>vel</strong></span> <span class='ocrx_word' id='word_1_104' title='bbox 952 1078 1083 1117; x_wconf 86' lang='lat' dir='ltr'><strong>valere</strong></span> <span class='ocrx_word' id='word_1_105' title='bbox 1093 1078 1253 1129; x_wconf 83' lang='lat' dir='ltr'><strong>possint.</strong></span> <span class='ocrx_word' id='word_1_106' title='bbox 1301 1079 1375 1116; x_wconf 86' lang='lat' dir='ltr'><strong>Hos</strong></span> <span class='ocrx_word' id='word_1_107' title='bbox 1392 1091 1482 1117; x_wconf 91' lang='lat' dir='ltr'><strong>eon-</strong></span> 
     </span>
     <span class='ocr_line' id='line_1_14' title="bbox 210 1150 1482 1203; baseline 0.001 -14"><span class='ocrx_word' id='word_1_108' title='bbox 210 1152 363 1191; x_wconf 89' lang='lat' dir='ltr'><strong>iunctos</strong></span> <span class='ocrx_word' id='word_1_109' title='bbox 390 1165 426 1194; x_wconf 64' lang='lat' dir='ltr'><strong>a,</strong></span> <span class='ocrx_word' id='word_1_110' title='bbox 448 1151 524 1189; x_wconf 90' lang='lat' dir='ltr'><strong>hoc</strong></span> <span class='ocrx_word' id='word_1_111' title='bbox 545 1150 633 1190; x_wconf 84' lang='lat' dir='ltr'><strong>loeo</strong></span> <span class='ocrx_word' id='word_1_112' title='bbox 650 1155 873 1189; x_wconf 80' lang='lat' dir='ltr'><strong>enumerat:</strong></span> <span class='ocrx_word' id='word_1_113' title='bbox 901 1166 920 1187; x_wconf 90' lang='lat'>»</span> <span class='ocrx_word' id='word_1_114' title='bbox 931 1150 991 1189; x_wconf 84' lang='lat' dir='ltr'><strong>Ita</strong></span> <span class='ocrx_word' id='word_1_115' title='bbox 1007 1163 1133 1201; x_wconf 87' lang='lat' dir='ltr'><strong>quum</strong></span> <span class='ocrx_word' id='word_1_116' title='bbox 1151 1155 1192 1188; x_wconf 90' lang='lat' dir='ltr'><strong>et</strong></span> <span class='ocrx_word' id='word_1_117' title='bbox 1207 1150 1278 1188; x_wconf 91' lang='lat' dir='ltr'><strong>hos</strong></span> <span class='ocrx_word' id='word_1_118' title='bbox 1295 1151 1396 1201; x_wconf 84' lang='lat' dir='ltr'><strong>ipsos</strong></span> <span class='ocrx_word' id='word_1_119' title='bbox 1406 1150 1482 1203; x_wconf 89' lang='lat'><strong>(2),</strong></span> 
     </span>
     <span class='ocr_line' id='line_1_15' title="bbox 207 1221 1482 1276; baseline 0 -14"><span class='ocrx_word' id='word_1_120' title='bbox 207 1229 367 1276; x_wconf 90' lang='lat' dir='ltr'><strong>propter</strong></span> <span class='ocrx_word' id='word_1_121' title='bbox 398 1224 507 1262; x_wconf 86' lang='lat' dir='ltr'><strong>suam</strong></span> <span class='ocrx_word' id='word_1_122' title='bbox 536 1223 788 1262; x_wconf 78' lang='lat' dir='ltr'><strong>ambitionem</strong></span> <span class='ocrx_word' id='word_1_123' title='bbox 822 1222 893 1274; x_wconf 90' lang='lat' dir='ltr'><strong>qui</strong></span> <span class='ocrx_word' id='word_1_124' title='bbox 926 1221 1033 1274; x_wconf 85' lang='lat' dir='ltr'><strong>apud</strong></span> <span class='ocrx_word' id='word_1_125' title='bbox 1061 1222 1226 1261; x_wconf 79' lang='lat' dir='ltr'><strong>tribules</strong></span> <span class='ocrx_word' id='word_1_126' title='bbox 1252 1235 1339 1263; x_wconf 88' lang='lat' dir='ltr'><strong>suos</strong></span> <span class='ocrx_word' id='word_1_127' title='bbox 1358 1223 1482 1275; x_wconf 83' lang='lat' dir='ltr'><strong>pluri-</strong></span> 
     </span>
     <span class='ocr_line' id='line_1_16' title="bbox 206 1295 1480 1356; baseline -0.001 -21"><span class='ocrx_word' id='word_1_128' title='bbox 206 1311 316 1336; x_wconf 89' lang='lat' dir='ltr'><strong>mum</strong></span> <span class='ocrx_word' id='word_1_129' title='bbox 349 1297 474 1348; x_wconf 74' lang='lat' dir='ltr'><strong>gratia</strong></span> <span class='ocrx_word' id='word_1_130' title='bbox 504 1301 687 1348; x_wconf 85' lang='lat' dir='ltr'><strong>possunt,</strong></span> <span class='ocrx_word' id='word_1_131' title='bbox 723 1296 783 1334; x_wconf 90' lang='lat' dir='ltr'><strong>tui</strong></span> <span class='ocrx_word' id='word_1_132' title='bbox 812 1295 1001 1333; x_wconf 89' lang='lat' dir='ltr'><strong>studiosos</strong></span> <span class='ocrx_word' id='word_1_133' title='bbox 1024 1295 1068 1333; x_wconf 90' lang='lat' dir='ltr'><strong>in</strong></span> <span class='ocrx_word' id='word_1_134' title='bbox 1089 1295 1278 1333; x_wconf 87' lang='lat' dir='ltr'><strong>centuriis</strong></span> <span class='ocrx_word' id='word_1_135' title='bbox 1298 1296 1480 1356; x_wconf 78' lang='lat' dir='ltr'><strong>habebis,</strong></span> 
     </span>
     <span class='ocr_line' id='line_1_17' title="bbox 206 1367 1485 1427; baseline -0.002 -18"><span class='ocrx_word' id='word_1_136' title='bbox 206 1376 244 1409; x_wconf 88' lang='lat' dir='ltr'><strong>et</strong></span> <span class='ocrx_word' id='word_1_137' title='bbox 278 1375 428 1409; x_wconf 87' lang='lat' dir='ltr'><strong>ceteros</strong></span> <span class='ocrx_word' id='word_1_138' title='bbox 455 1369 529 1420; x_wconf 85' lang='lat' dir='ltr'><strong>qui</strong></span> <span class='ocrx_word' id='word_1_139' title='bbox 554 1367 664 1427; x_wconf 15' lang='lat' dir='ltr'><strong>*apud</strong></span> <span class='ocrx_word' id='word_1_140' title='bbox 699 1367 871 1419; x_wconf 78' lang='lat' dir='ltr'><strong>aliquam</strong></span> <span class='ocrx_word' id='word_1_141' title='bbox 902 1372 1053 1419; x_wconf 87' lang='lat' dir='ltr'><strong>partem</strong></span> <span class='ocrx_word' id='word_1_142' title='bbox 1088 1367 1298 1406; x_wconf 86' lang='lat' dir='ltr'><strong>tribulium</strong></span> <span class='ocrx_word' id='word_1_143' title='bbox 1324 1374 1485 1420; x_wconf 88' lang='lat' dir='ltr'><strong>propter</strong></span> 
     </span>
     <span class='ocr_line' id='line_1_18' title="bbox 206 1440 1485 1494; baseline -0.001 -12"><span class='ocrx_word' id='word_1_144' title='bbox 206 1442 415 1494; x_wconf 88' lang='lat' dir='ltr'><strong>municipii</strong></span> <span class='ocrx_word' id='word_1_145' title='bbox 436 1446 505 1480; x_wconf 83' lang='lat' dir='ltr'><strong>aut</strong></span> <span class='ocrx_word' id='word_1_146' title='bbox 527 1440 737 1480; x_wconf 74' lang='lat' dir='ltr'><strong>vicinitatis</strong></span> <span class='ocrx_word' id='word_1_147' title='bbox 757 1446 826 1479; x_wconf 86' lang='lat' dir='ltr'><strong>aut</strong></span> <span class='ocrx_word' id='word_1_148' title='bbox 847 1440 1005 1491; x_wconf 74' lang='lat' dir='ltr'><strong>collegii</strong></span> <span class='ocrx_word' id='word_1_149' title='bbox 1022 1441 1214 1479; x_wconf 81' lang='lat' dir='ltr'><strong>rationem</strong></span> <span class='ocrx_word' id='word_1_150' title='bbox 1237 1441 1392 1491; x_wconf 80' lang='lat' dir='ltr'><strong>valent,</strong></span> <span class='ocrx_word' id='word_1_151' title='bbox 1419 1455 1485 1482; x_wconf 92' lang='lat' dir='ltr'><strong>cu-</strong></span> 
     </span>
     <span class='ocr_line' id='line_1_19' title="bbox 205 1502 1483 1567; baseline 0.001 -15"><span class='ocrx_word' id='word_1_152' title='bbox 205 1515 316 1566; x_wconf 89' lang='lat' dir='ltr'><strong>pidos</strong></span> <span class='ocrx_word' id='word_1_153' title='bbox 349 1514 409 1552; x_wconf 90' lang='lat' dir='ltr'><strong>tui</strong></span> <span class='ocrx_word' id='word_1_154' title='bbox 443 1502 710 1561; x_wconf 72' lang='lat' dir='ltr'><strong>constitueris,</strong></span> <span class='ocrx_word' id='word_1_155' title='bbox 745 1512 789 1550; x_wconf 88' lang='lat' dir='ltr'><strong>in</strong></span> <span class='ocrx_word' id='word_1_156' title='bbox 824 1513 970 1563; x_wconf 87' lang='lat' dir='ltr'><strong>optima</strong></span> <span class='ocrx_word' id='word_1_157' title='bbox 988 1525 1071 1563; x_wconf 70' lang='lat' dir='ltr'><strong>spe</strong></span> <span class='ocrx_word' id='word_1_158' title='bbox 1096 1525 1178 1551; x_wconf 83' lang='lat' dir='ltr'><strong>esse</strong></span> <span class='ocrx_word' id='word_1_159' title='bbox 1207 1513 1392 1552; x_wconf 87' lang='lat' dir='ltr'><strong>debebis&#39;&#39;</strong></span> <span class='ocrx_word' id='word_1_160' title='bbox 1413 1513 1483 1567; x_wconf 88' lang='lat'><strong>(3).</strong></span> 
     </span>
     <span class='ocr_line' id='line_1_20' title="bbox 204 1584 1482 1637; baseline -0.002 -11"><span class='ocrx_word' id='word_1_161' title='bbox 204 1587 353 1636; x_wconf 81' lang='lat' dir='ltr'><strong>Quibus</strong></span> <span class='ocrx_word' id='word_1_162' title='bbox 387 1585 516 1625; x_wconf 85' lang='lat' dir='ltr'><strong>verbis</strong></span> <span class='ocrx_word' id='word_1_163' title='bbox 546 1584 598 1623; x_wconf 85' lang='lat' dir='ltr'><strong>ad</strong></span> <span class='ocrx_word' id='word_1_164' title='bbox 632 1584 729 1623; x_wconf 88' lang='lat' dir='ltr'><strong>duos</strong></span> <span class='ocrx_word' id='word_1_165' title='bbox 760 1597 783 1622; x_wconf 97' lang='lat' dir='ltr'><strong>e</strong></span> <span class='ocrx_word' id='word_1_166' title='bbox 814 1584 1139 1636; x_wconf 83' lang='lat' dir='ltr'><strong>praecedentibus</strong></span> <span class='ocrx_word' id='word_1_167' title='bbox 1167 1585 1271 1624; x_wconf 90' lang='lat' dir='ltr'><strong>locos</strong></span> <span class='ocrx_word' id='word_1_168' title='bbox 1303 1587 1482 1637; x_wconf 68' lang='lat' dir='ltr'><strong>respicit:</strong></span> 
     </span>
     <span class='ocr_line' id='line_1_21' title="bbox 207 1657 1485 1711; baseline 0.002 -14"><span class='ocrx_word' id='word_1_169' title='bbox 207 1659 409 1711; x_wconf 85' lang='lat' dir='ltr'><strong>postremis</strong></span> <span class='ocrx_word' id='word_1_170' title='bbox 438 1657 601 1709; x_wconf 86' lang='lat' dir='ltr'><strong>quidem</strong></span> <span class='ocrx_word' id='word_1_171' title='bbox 620 1657 671 1696; x_wconf 86' lang='lat' dir='ltr'><strong>ad</strong></span> <span class='ocrx_word' id='word_1_172' title='bbox 692 1657 819 1695; x_wconf 86' lang='lat' dir='ltr'><strong>hunc:</strong></span> <span class='ocrx_word' id='word_1_173' title='bbox 848 1663 972 1696; x_wconf 86' lang='lat' dir='ltr'><strong>»sunt</strong></span> <span class='ocrx_word' id='word_1_174' title='bbox 993 1658 1100 1696; x_wconf 90' lang='lat' dir='ltr'><strong>enim</strong></span> <span class='ocrx_word' id='word_1_175' title='bbox 1122 1658 1284 1710; x_wconf 81' lang='lat' dir='ltr'><strong>quidam</strong></span> <span class='ocrx_word' id='word_1_176' title='bbox 1307 1660 1485 1699; x_wconf 87' lang='lat' dir='ltr'><strong>homines</strong></span> 
     </span>
     <span class='ocr_line' id='line_1_22' title="bbox 206 1729 1488 1784; baseline 0.002 -14"><span class='ocrx_word' id='word_1_177' title='bbox 206 1733 250 1770; x_wconf 92' lang='lat' dir='ltr'><strong>in</strong></span> <span class='ocrx_word' id='word_1_178' title='bbox 270 1731 349 1771; x_wconf 89' lang='lat' dir='ltr'><strong>suis</strong></span> <span class='ocrx_word' id='word_1_179' title='bbox 367 1729 640 1782; x_wconf 71' lang='lat' dir='ltr'><strong>vicinitatibus</strong></span> <span class='ocrx_word' id='word_1_180' title='bbox 657 1735 696 1768; x_wconf 86' lang='lat' dir='ltr'><strong>et</strong></span> <span class='ocrx_word' id='word_1_181' title='bbox 719 1730 945 1782; x_wconf 88' lang='lat' dir='ltr'><strong>municipiis</strong></span> <span class='ocrx_word' id='word_1_182' title='bbox 964 1731 1139 1782; x_wconf 75' lang='lat' dir='ltr'><strong>gratiosi:</strong></span> <span class='ocrx_word' id='word_1_183' title='bbox 1167 1738 1259 1771; x_wconf 88' lang='lat' dir='ltr'><strong>sunt</strong></span> <span class='ocrx_word' id='word_1_184' title='bbox 1273 1732 1488 1784; x_wconf 81' lang='lat' dir='ltr'><strong>diligentes</strong></span> 
     </span>
     <span class='ocr_line' id='line_1_23' title="bbox 206 1802 1486 1857; baseline 0.004 -16"><span class='ocrx_word' id='word_1_185' title='bbox 206 1808 246 1842; x_wconf 91' lang='lat' dir='ltr'><strong>et</strong></span> <span class='ocrx_word' id='word_1_186' title='bbox 266 1803 432 1854; x_wconf 88' lang='lat' dir='ltr'><strong>copiosi,</strong></span> <span class='ocrx_word' id='word_1_187' title='bbox 459 1802 531 1853; x_wconf 77' lang='lat' dir='ltr'><strong>qui</strong></span> <span class='ocrx_word' id='word_1_188' title='bbox 552 1802 704 1841; x_wconf 87' lang='lat' dir='ltr'><strong>etiamsi</strong></span> <span class='ocrx_word' id='word_1_189' title='bbox 722 1807 836 1842; x_wconf 85' lang='lat' dir='ltr'><strong>antea</strong></span> <span class='ocrx_word' id='word_1_190' title='bbox 854 1816 935 1842; x_wconf 91' lang='lat' dir='ltr'><strong>non</strong></span> <span class='ocrx_word' id='word_1_191' title='bbox 957 1803 1179 1842; x_wconf 89' lang='lat' dir='ltr'><strong>studuerint</strong></span> <span class='ocrx_word' id='word_1_192' title='bbox 1197 1804 1293 1844; x_wconf 92' lang='lat' dir='ltr'><strong>huic</strong></span> <span class='ocrx_word' id='word_1_193' title='bbox 1314 1807 1486 1857; x_wconf 78' lang='lat' dir='ltr'><strong>gratiae,</strong></span> 
     </span>
     <span class='ocr_line' id='line_1_24' title="bbox 205 1874 1487 1926; baseline 0.003 -12"><span class='ocrx_word' id='word_1_194' title='bbox 205 1881 337 1914; x_wconf 90' lang='lat' dir='ltr'><strong>tamen</strong></span> <span class='ocrx_word' id='word_1_195' title='bbox 372 1887 421 1913; x_wconf 87' lang='lat' dir='ltr'><strong>ex</strong></span> <span class='ocrx_word' id='word_1_196' title='bbox 454 1879 628 1926; x_wconf 88' lang='lat' dir='ltr'><strong>tempore</strong></span> <span class='ocrx_word' id='word_1_197' title='bbox 662 1874 884 1924; x_wconf 83' lang='lat' dir='ltr'><strong>elaborare,</strong></span> <span class='ocrx_word' id='word_1_198' title='bbox 917 1874 1002 1914; x_wconf 89' lang='lat' dir='ltr'><strong>eius</strong></span> <span class='ocrx_word' id='word_1_199' title='bbox 1023 1887 1138 1916; x_wconf 84' lang='lat' dir='ltr'><strong>causa</strong></span> <span class='ocrx_word' id='word_1_200' title='bbox 1158 1877 1226 1916; x_wconf 87' lang='lat' dir='ltr'><strong>cui</strong></span> <span class='ocrx_word' id='word_1_201' title='bbox 1248 1877 1394 1917; x_wconf 87' lang='lat' dir='ltr'><strong>dehent</strong></span> <span class='ocrx_word' id='word_1_202' title='bbox 1417 1886 1487 1918; x_wconf 86' lang='lat' dir='ltr'><strong>aut</strong></span> 
     </span>
    </p>
   </div>
   <div class='ocr_carea' id='block_1_3' title="bbox 195 2038 1487 2527">
    <p class='ocr_par' dir='ltr' id='par_1_4' title="bbox 195 2038 1487 2527">
     <span class='ocr_line' id='line_1_25' title="bbox 233 2038 1485 2088; baseline 0.002 -11"><span class='ocrx_word' id='word_1_203' title='bbox 233 2041 302 2088; x_wconf 60' lang='grc'><strong>’(1)</strong></span> <span class='ocrx_word' id='word_1_204' title='bbox 328 2041 384 2076; x_wconf 90' lang='lat' dir='ltr'><strong>Sic</strong></span> <span class='ocrx_word' id='word_1_205' title='bbox 398 2065 409 2084; x_wconf 91' lang='lat'>,</span> <span class='ocrx_word' id='word_1_206' title='bbox 433 2040 519 2073; x_wconf 83' lang='lat' dir='ltr'><strong>duce</strong></span> <span class='ocrx_word' id='word_1_207' title='bbox 540 2039 768 2081; x_wconf 73' lang='lat' dir='ltr'><strong>Pelei-mo,</strong></span> <span class='ocrx_word' id='word_1_208' title='bbox 792 2038 918 2085; x_wconf 79' lang='lat' dir='ltr'><strong>explic.</strong></span> <span class='ocrx_word' id='word_1_209' title='bbox 939 2038 961 2083; x_wconf 83' lang='lat'><em>§</em></span> <span class='ocrx_word' id='word_1_210' title='bbox 980 2040 1043 2074; x_wconf 83' lang='lat'><strong>18:</strong></span> <span class='ocrx_word' id='word_1_211' title='bbox 1080 2041 1157 2075; x_wconf 77' lang='lat' dir='ltr'><strong>»ad</strong></span> <span class='ocrx_word' id='word_1_212' title='bbox 1174 2044 1229 2075; x_wconf 76' lang='lat' dir='ltr'><strong>ius</strong></span> <span class='ocrx_word' id='word_1_213' title='bbox 1247 2043 1485 2088; x_wconf 74' lang='lat' dir='ltr'><strong>obtinendum,</strong></span> 
     </span>
     <span class='ocr_line' id='line_1_26' title="bbox 200 2093 1487 2140; baseline 0.002 -9"><span class='ocrx_word' id='word_1_214' title='bbox 200 2095 476 2140; x_wconf 71' lang='lat' dir='ltr'><strong>magistratus&#39;’:</strong></span> <span class='ocrx_word' id='word_1_215' title='bbox 492 2106 590 2140; x_wconf 70' lang='lat' dir='ltr'><strong>quos</strong></span> <span class='ocrx_word' id='word_1_216' title='bbox 624 2094 696 2128; x_wconf 72' lang='lat' dir='ltr'><strong>vidi</strong></span> <span class='ocrx_word' id='word_1_217' title='bbox 725 2093 856 2128; x_wconf 87' lang='lat' dir='ltr'><strong>codices</strong></span> <span class='ocrx_word' id='word_1_218' title='bbox 883 2106 1001 2129; x_wconf 80' lang='lat' dir='ltr'><strong>omnes</strong></span> <span class='ocrx_word' id='word_1_219' title='bbox 1026 2094 1154 2131; x_wconf 79' lang='lat' dir='ltr'><strong>habent</strong></span> <span class='ocrx_word' id='word_1_220' title='bbox 1181 2098 1228 2131; x_wconf 83' lang='lat' dir='ltr'><strong>ad</strong></span> <span class='ocrx_word' id='word_1_221' title='bbox 1243 2099 1413 2133; x_wconf 75' lang='lat' dir='ltr'><strong>iusticiam</strong></span> <span class='ocrx_word' id='word_1_222' title='bbox 1431 2101 1487 2134; x_wconf 75' lang='lat' dir='ltr'><strong>vel</strong></span> 
     </span>
     <span class='ocr_line' id='line_1_27' title="bbox 199 2147 1483 2195; baseline 0.002 -10"><span class='ocrx_word' id='word_1_223' title='bbox 199 2154 391 2194; x_wconf 72' lang='lat' dir='ltr'><strong>iustitiam,</strong></span> <span class='ocrx_word' id='word_1_224' title='bbox 425 2157 564 2195; x_wconf 83' lang='lat' dir='ltr'><strong>excepto</strong></span> <span class='ocrx_word' id='word_1_225' title='bbox 592 2149 631 2182; x_wconf 92' lang='lat' dir='ltr'><strong>L.</strong></span> <span class='ocrx_word' id='word_1_226' title='bbox 650 2149 719 2190; x_wconf 87' lang='lat'><strong>50,</strong></span> <span class='ocrx_word' id='word_1_227' title='bbox 751 2160 855 2192; x_wconf 87' lang='lat' dir='ltr'><strong>quem</strong></span> <span class='ocrx_word' id='word_1_228' title='bbox 882 2147 1141 2185; x_wconf 77' lang='lat' dir='ltr'><strong>Lambinianam</strong></span> <span class='ocrx_word' id='word_1_229' title='bbox 1167 2151 1257 2184; x_wconf 75' lang='lat' dir='ltr'><strong>Edit.</strong></span> <span class='ocrx_word' id='word_1_230' title='bbox 1280 2163 1352 2185; x_wconf 77' lang='lat' dir='ltr'><strong>esse</strong></span> <span class='ocrx_word' id='word_1_231' title='bbox 1375 2154 1483 2187; x_wconf 75' lang='lat' dir='ltr'><strong>videri</strong></span> 
     </span>
     <span class='ocr_line' id='line_1_28' title="bbox 200 2197 1486 2250; baseline 0 -8"><span class='ocrx_word' id='word_1_232' title='bbox 200 2197 401 2242; x_wconf 78' lang='lat' dir='ltr'><strong>notavimus.</strong></span> <span class='ocrx_word' id='word_1_233' title='bbox 442 2205 511 2241; x_wconf 88' lang='lat' dir='ltr'><strong>Sed</strong></span> <span class='ocrx_word' id='word_1_234' title='bbox 530 2206 598 2238; x_wconf 85' lang='lat' dir='ltr'><strong>iam</strong></span> <span class='ocrx_word' id='word_1_235' title='bbox 618 2204 818 2238; x_wconf 80' lang='lat' dir='ltr'><strong>Petreius</strong></span> <span class='ocrx_word' id='word_1_236' title='bbox 834 2203 1020 2250; x_wconf 77' lang='lat' dir='ltr'><strong>legendum</strong></span> <span class='ocrx_word' id='word_1_237' title='bbox 1038 2205 1241 2239; x_wconf 80' lang='lat' dir='ltr'><strong>coniecerat:</strong></span> <span class='ocrx_word' id='word_1_238' title='bbox 1262 2207 1309 2239; x_wconf 84' lang='lat' dir='ltr'><strong>ad</strong></span> <span class='ocrx_word' id='word_1_239' title='bbox 1321 2208 1376 2240; x_wconf 75' lang='lat' dir='ltr'><strong>ius</strong></span> <span class='ocrx_word' id='word_1_240' title='bbox 1385 2219 1486 2243; x_wconf 77' lang='lat' dir='ltr'><strong>suum</strong></span> 
     </span>
     <span class='ocr_line' id='line_1_29' title="bbox 199 2257 1485 2304; baseline 0.001 -10"><span class='ocrx_word' id='word_1_241' title='bbox 199 2261 426 2295; x_wconf 77' lang='lat' dir='ltr'><strong>obtinendum.</strong></span> <span class='ocrx_word' id='word_1_242' title='bbox 530 2257 585 2303; x_wconf 78' lang='lat'><strong>(2)</strong></span> <span class='ocrx_word' id='word_1_243' title='bbox 620 2258 677 2292; x_wconf 89' lang='lat' dir='ltr'><strong>Sic</strong></span> <span class='ocrx_word' id='word_1_244' title='bbox 703 2257 982 2302; x_wconf 71' lang='lat' dir='ltr'><strong>distinguendum</strong></span> <span class='ocrx_word' id='word_1_245' title='bbox 1009 2259 1109 2292; x_wconf 89' lang='lat' dir='ltr'><strong>credo</strong></span> <span class='ocrx_word' id='word_1_246' title='bbox 1122 2283 1132 2300; x_wconf 96' lang='lat'>,</span> <span class='ocrx_word' id='word_1_247' title='bbox 1164 2267 1241 2304; x_wconf 80' lang='lat' dir='ltr'><strong>post</strong></span> <span class='ocrx_word' id='word_1_248' title='bbox 1267 2262 1380 2304; x_wconf 75' lang='lat' dir='ltr'><strong>ipsos,</strong></span> <span class='ocrx_word' id='word_1_249' title='bbox 1414 2275 1485 2297; x_wconf 86' lang='lat' dir='ltr'><strong>non</strong></span> 
     </span>
     <span class='ocr_line' id='line_1_30' title="bbox 198 2310 1485 2363; baseline 0 -16"><span class='ocrx_word' id='word_1_250' title='bbox 198 2322 273 2363; x_wconf 80' lang='lat' dir='ltr'><strong>post</strong></span> <span class='ocrx_word' id='word_1_251' title='bbox 291 2315 504 2348; x_wconf 77' lang='lat' dir='ltr'><strong>ambitionem</strong></span> <span class='ocrx_word' id='word_1_252' title='bbox 518 2336 529 2355; x_wconf 93' lang='lat'>‚</span> <span class='ocrx_word' id='word_1_253' title='bbox 553 2319 591 2347; x_wconf 89' lang='lat' dir='ltr'><strong>ut</strong></span> <span class='ocrx_word' id='word_1_254' title='bbox 606 2312 685 2346; x_wconf 80' lang='lat' dir='ltr'><strong>facit</strong></span> <span class='ocrx_word' id='word_1_255' title='bbox 704 2310 833 2346; x_wconf 86' lang='lat' dir='ltr'><strong>Orell.</strong></span> <span class='ocrx_word' id='word_1_256' title='bbox 845 2334 857 2354; x_wconf 89' lang='lat'>,</span> <span class='ocrx_word' id='word_1_257' title='bbox 879 2311 981 2345; x_wconf 79' lang='lat' dir='ltr'><strong>verba</strong></span> <span class='ocrx_word' id='word_1_258' title='bbox 994 2316 1138 2356; x_wconf 79' lang='lat' dir='ltr'><strong>propter</strong></span> <span class='ocrx_word' id='word_1_259' title='bbox 1151 2324 1250 2347; x_wconf 75' lang='lat' dir='ltr'><strong>mam</strong></span> <span class='ocrx_word' id='word_1_260' title='bbox 1269 2316 1485 2352; x_wconf 70' lang='lat' dir='ltr'><strong>ambitionem</strong></span> 
     </span>
     <span class='ocr_line' id='line_1_31' title="bbox 201 2367 1480 2417; baseline 0.001 -11"><span class='ocrx_word' id='word_1_261' title='bbox 201 2372 242 2406; x_wconf 79' lang='lat' dir='ltr'><strong>ad</strong></span> <span class='ocrx_word' id='word_1_262' title='bbox 274 2371 393 2414; x_wconf 78' lang='lat' dir='ltr'><strong>gratia</strong></span> <span class='ocrx_word' id='word_1_263' title='bbox 422 2372 568 2414; x_wconf 72' lang='lat' dir='ltr'><strong>possunt</strong></span> <span class='ocrx_word' id='word_1_264' title='bbox 603 2368 795 2414; x_wconf 82' lang='lat' dir='ltr'><strong>pertinent:</strong></span> <span class='ocrx_word' id='word_1_265' title='bbox 831 2378 872 2401; x_wconf 82' lang='lat' dir='ltr'><strong>eo</strong></span> <span class='ocrx_word' id='word_1_266' title='bbox 899 2367 973 2413; x_wconf 80' lang='lat' dir='ltr'><strong>ipso</strong></span> <span class='ocrx_word' id='word_1_267' title='bbox 999 2367 1145 2402; x_wconf 81' lang='lat' dir='ltr'><strong>multum</strong></span> <span class='ocrx_word' id='word_1_268' title='bbox 1173 2371 1277 2415; x_wconf 76' lang='lat' dir='ltr'><strong>gratia</strong></span> <span class='ocrx_word' id='word_1_269' title='bbox 1304 2379 1480 2417; x_wconf 79' lang='lat' dir='ltr'><strong>poterant,</strong></span> 
     </span>
     <span class='ocr_line' id='line_1_32' title="bbox 202 2421 1483 2470; baseline 0.001 -12"><span class='ocrx_word' id='word_1_270' title='bbox 202 2424 293 2470; x_wconf 84' lang='lat' dir='ltr'><strong>quod</strong></span> <span class='ocrx_word' id='word_1_271' title='bbox 319 2424 452 2457; x_wconf 82' lang='lat' dir='ltr'><strong>fueraut</strong></span> <span class='ocrx_word' id='word_1_272' title='bbox 481 2423 671 2466; x_wconf 71' lang='lat' dir='ltr'><strong>ambitiosi3</strong></span> <span class='ocrx_word' id='word_1_273' title='bbox 693 2429 792 2468; x_wconf 81' lang='lat' dir='ltr'><strong>etque</strong></span> <span class='ocrx_word' id='word_1_274' title='bbox 812 2422 857 2455; x_wconf 73' lang='lat' dir='ltr'><strong>ita</strong></span> <span class='ocrx_word' id='word_1_275' title='bbox 876 2421 1017 2456; x_wconf 75' lang='lat' dir='ltr'><strong>tribules</strong></span> <span class='ocrx_word' id='word_1_276' title='bbox 1035 2433 1112 2456; x_wconf 87' lang='lat' dir='ltr'><strong>suos</strong></span> <span class='ocrx_word' id='word_1_277' title='bbox 1128 2423 1194 2457; x_wconf 83' lang='lat' dir='ltr'><strong>sibi</strong></span> <span class='ocrx_word' id='word_1_278' title='bbox 1212 2426 1483 2463; x_wconf 73' lang='lat' dir='ltr'><strong>conciliaverant.</strong></span> 
     </span>
     <span class='ocr_line' id='line_1_33' title="bbox 195 2478 1481 2527; baseline 0.002 -13"><span class='ocrx_word' id='word_1_279' title='bbox 195 2480 259 2515; x_wconf 83' lang='lat' dir='ltr'><strong>cf.</strong></span> <span class='ocrx_word' id='word_1_280' title='bbox 281 2481 302 2525; x_wconf 82' lang='lat'>§</span> <span class='ocrx_word' id='word_1_281' title='bbox 321 2481 386 2523; x_wconf 79' lang='lat'><strong>18,</strong></span> <span class='ocrx_word' id='word_1_282' title='bbox 406 2479 466 2513; x_wconf 89' lang='lat' dir='ltr'><strong>ubi</strong></span> <span class='ocrx_word' id='word_1_283' title='bbox 486 2478 529 2514; x_wconf 87' lang='lat' dir='ltr'><strong>de</strong></span> <span class='ocrx_word' id='word_1_284' title='bbox 548 2479 687 2521; x_wconf 77' lang='lat' dir='ltr'><strong>iisdem,</strong></span> <span class='ocrx_word' id='word_1_285' title='bbox 708 2485 744 2512; x_wconf 77' lang='lat' dir='ltr'><strong>ut</strong></span> <span class='ocrx_word' id='word_1_286' title='bbox 763 2489 843 2513; x_wconf 84' lang='lat' dir='ltr'><strong>mox</strong></span> <span class='ocrx_word' id='word_1_287' title='bbox 851 2478 997 2524; x_wconf 71' lang='lat' dir='ltr'><strong>patebit,</strong></span> <span class='ocrx_word' id='word_1_288' title='bbox 1014 2489 1121 2513; x_wconf 85' lang='lat' dir='ltr'><strong>sermo</strong></span> <span class='ocrx_word' id='word_1_289' title='bbox 1131 2487 1191 2514; x_wconf 82' lang='lat' dir='ltr'><strong>est.</strong></span> <span class='ocrx_word' id='word_1_290' title='bbox 1263 2481 1318 2527; x_wconf 82' lang='lat'><strong>(3)</strong></span> <span class='ocrx_word' id='word_1_291' title='bbox 1345 2484 1399 2517; x_wconf 87' lang='lat' dir='ltr'><strong>De</strong></span> <span class='ocrx_word' id='word_1_292' title='bbox 1413 2485 1481 2519; x_wconf 81' lang='lat' dir='ltr'><strong>Pet.</strong></span> 
     </span>
    </p>
   </div>
   <div class='ocr_carea' id='block_1_4' title="bbox 207 2537 1311 2640">
    <p class='ocr_par' dir='ltr' id='par_1_5' title="bbox 207 2537 1311 2640">
     <span class='ocr_line' id='line_1_34' title="bbox 207 2537 302 2581; baseline 0 -10"><span class='ocrx_word' id='word_1_293' title='bbox 207 2537 226 2581; x_wconf 56' lang='grc' dir='ltr'><em>ᾗ</em></span> <span class='ocrx_word' id='word_1_294' title='bbox 246 2539 302 2571; x_wconf 80' lang='lat'><strong>32.</strong></span> 
     </span>
     <span class='ocr_line' id='line_1_35' title="bbox 1289 2603 1311 2640; baseline 0 0"><span class='ocrx_word' id='word_1_295' title='bbox 1289 2603 1311 2640; x_wconf 80' lang='lat'><strong>4</strong></span> 
     </span>
    </p>
   </div>
  </div>
 </body>
</html>
