1857 3147
934 111 984 150 56

320 246 435 298 copia
473 245 586 292 bom's
600 237 655 283 ⁸et
692 243 877 283 beneficis
913 243 1044 285 deesse
1077 252 1170 284 non'
1192 246 1325 285 solet.''
1387 246 1598 286 Assectatio

315 319 442 371 igitur
463 319 645 359 universa
667 313 797 369 quum
828 316 979 356 nitatur
1011 317 1129 356 variis
1153 330 1200 360 ac
1221 317 1356 358 multis
1377 320 1595 359 amicorum

316 393 473 441 studiis,
500 405 523 430 a
544 402 676 432 ammo
698 390 751 429 ad
772 390 876 429 hanc
897 394 1050 441 partem
1072 391 1295 431 ambitionis
1315 390 1505 431 refertur:
1533 405 1593 431 ce·

317 469 464 513 terum,
490 468 538 502 ut
559 462 643 515 ipse
664 454 829 502 testatur
849 463 914 503 his
934 462 1079 502 verbis:
1107 477 1231 505 »nam
1252 478 1302 504 ex
1323 477 1371 505 ea
1384 465 1468 516 ipsa
1483 464 1597 515 copia

314 537 543 576 coniectura
562 535 650 574 fieri
670 540 814 588 potest,
841 542 1034 589 quantum
1054 536 1105 575 sis
1122 537 1166 576 in
1184 537 1269 590 ipso
1286 550 1426 590 campo
1447 537 1595 579 virium

313 623 359 650 ac
381 609 579 650 facultatis
598 610 850 661 habiturus;''
883 610 947 649 his
975 610 1083 662 ipsis,
1115 610 1296 662 inquam,
1332 611 1462 649 verbis
1482 616 1594 650 testa-

313 688 400 733 tur,
425 683 551 734 magis
567 688 614 722 ut
632 683 780 735 populo
794 695 938 735 magna
955 682 1006 723 de
1022 681 1220 723 candidati
1237 695 1305 735 spe
1327 687 1445 735 atque
1468 682 1594 734 digni-

312 760 392 794 tate
413 761 596 794 nascatur
617 756 771 806 opinio,
808 768 896 794 eam
926 755 1135 794 inservire:
1172 755 1268 793 hinc
1298 767 1391 793 cum
1413 755 1595 806 populari

309 826 380 866 illa
400 826 573 876 ratione,
608 824 711 878 quae
744 825 869 865 altera
899 831 956 865 est
986 825 1210 865 ambitionis
1231 840 1322 878 pars
1328 842 1340 876 ,
1377 832 1482 867 arcte
1505 840 1594 866 con-

311 900 446 937 iuncta
467 904 542 949 est3
571 904 612 937 et
635 899 673 937 ei
691 898 915 937 adnectitur
936 898 987 937 ab
1009 898 1093 949 ipso
1117 911 1236 938 mco
1247 897 1327 952 (1):
1355 900 1594 950 »petitorem

308 984 400 1023 ego,
435 971 667 1023 praesertim
698 970 944 1020 Consulatus,
978 983 1122 1022 magna
1151 984 1239 1023 spe,
1274 984 1418 1022 magno
1441 971 1601 1020 animo,

308 1044 461 1094 magnis
484 1043 607 1095 copiis
630 1043 674 1081 in
694 1042 828 1088 forum
850 1048 890 1082 et
912 1043 956 1081 in
982 1055 1167 1095 campum
1200 1043 1339 1083 deduci
1372 1042 1479 1082 volo:
1513 1057 1595 1083 non

307 1116 437 1167 placet
453 1115 555 1153 mihi
576 1114 780 1165 inquisitio
797 1114 1016 1163 candidati,
1039 1116 1276 1166 praenuntia
1291 1115 1487 1166 repulsae:
1513 1129 1593 1155 non

306 1187 464 1226 testium
487 1185 618 1238 potius
640 1197 762 1237 quam
791 1187 1094 1240 suffragatorum
1126 1187 1383 1238 comparatio:
1401 1230 1404 1231 ⁷
1421 1201 1502 1226 non
1516 1189 1594 1235 ,mi-

303 1273 378 1300 nae
410 1260 535 1311 magis
562 1272 683 1312 quam
705 1260 946 1299 blanditiam·
960 1273 1042 1315 non
1065 1259 1298 1300 declamatio
1320 1260 1450 1311 potius
1472 1273 1594 1311 quam

302 1333 603 1385 persalutatio:”
632 1336 708 1371 cet.
762 1331 918 1370 Etenim
939 1331 1140 1382 popularis
1166 1331 1237 1371 illa
1258 1332 1358 1371 ratio
1381 1332 1424 1370 in
1447 1346 1494 1372 eo
1516 1338 1595 1372 tota

304 1410 500 1444 versatur:
541 1421 560 1442 »
573 1417 620 1443 ea
639 1404 836 1443 desiderat
854 1403 1232 1453 nomenclationem,
1259 1400 1510 1454 blanditiam,
1538 1419 1592 1445 as-

306 1476 554 1525 siduitatem,
579 1476 886 1526 benignitatem,
913 1488 1136 1524 rumorem,
1163 1488 1272 1526 spem
1295 1476 1338 1514 in
1360 1475 1484 1528 Rep.'’
1497 1476 1570 1529 (2).

359 1548 557 1587 Plurimae
580 1552 672 1586 sunt
700 1548 744 1585 in
774 1546 983 1586 candidato
1011 1547 1193 1597 virtutes,
1218 1560 1322 1599 quae
1344 1547 1419 1599 ipsi
1440 1548 1593 1588 aditum

303 1621 354 1661 ad
370 1622 538 1661 honores
561 1621 689 1660 multo
711 1620 887 1659 reddunt
909 1620 1146 1660 faciliorem:
1173 1633 1276 1671 quae
1297 1621 1462 1672 populo,
1490 1635 1592 1673 quae

304 1696 511 1735 universae
533 1694 692 1746 placent
714 1693 865 1733 civitati
884 1691 961 1748 (3):
990 1699 1036 1732 ut
1058 1699 1165 1744 sunt,
1192 1693 1356 1744 iustitia,
1382 1693 1494 1744 fides,
1521 1708 1591 1746 pu-

306 1769 401 1817 dor,
438 1767 697 1818 temperantia
730 1765 807 1819 (4),
847 1771 891 1804 ut
925 1765 1095 1817 dignitas
1128 1766 1301 1817 generis,
1340 1766 1590 1818 integritatis,

302 1840 517 1879 industriae
537 1838 615 1893 (5):
649 1839 842 1891 imprimis
870 1844 1003 1878 autem
1033 1852 1102 1878 eae
1132 1852 1213 1890 qua
1239 1839 1446 1890 splendent
1468 1841 1592 1891 magis

301 1919 342 1952 et
366 1913 542 1962 elucent,
569 1912 655 1951 laus
677 1911 856 1951 militaris
878 1910 999 1964 ‘atque
1023 1911 1272 1963 eloquentiae
1294 1909 1368 1965 (6):
1398 1928 1417 1949 »
1432 1912 1589 1951 Summa

303 1986 473 2037 dignitas
506 1991 561 2023 est
591 1986 635 2023 in
663 1985 711 2022 iis
733 1985 804 2036 qui
835 1985 998 2023 militari
1029 1984 1147 2022 laude
1171 1984 1441 2034 antecellunt,
1458 1985 1590 2023 omnia

304 2058 432 2108 enim,
464 2070 567 2109 quae
600 2062 692 2096 sunt
721 2057 764 2095 in
793 2057 979 2108 imperio,
1007 2061 1047 2096 et
1069 2056 1112 2095 in
1135 2061 1235 2096 statu
1256 2056 1442 2105 civitatis,
1469 2057 1519 2095 ab
1541 2057 1589 2096 iis

303 2129 465 2170 defendi
484 2135 526 2169 et
549 2129 698 2168 firmari
715 2116 924 2181 putantur:
946 2142 1097 2169 summa
1120 2129 1238 2168 etiam
1261 2129 1425 2179 utilitas;
1451 2130 1588 2181 siqui-

304 2203 395 2243 dem
412 2216 551 2243 eorum
569 2203 733 2242 consilio
751 2207 791 2241 et
807 2201 1002 2254 periculo,
1019 2214 1144 2253 quum
1162 2214 1207 2240 re
1220 2201 1350 2252 publ„
1369 2206 1452 2241 tum
1467 2202 1584 2241 etiam

347 2390 406 2436 (1),
433 2391 492 2424 Pr.
514 2391 608 2424 Mur.
628 2390 685 2424 21.
704 2390 761 2424 44.
856 2388 909 2437 (2)
936 2389 991 2423 De
1010 2390 1084 2423 Pet.
1106 2388 1127 2432 §
1148 2389 1204 2423 41.
1241 2383 1246 2388 ”
1295 2388 1349 2434 (3)
1377 2389 1430 2423 De
1453 2392 1515 2435 off.
1543 2390 1586 2423 ΙΙ.

301 2446 355 2481 10.
372 2446 431 2480 36.
512 2445 565 2489 (4)
595 2447 653 2486 Pr.
676 2445 773 2479 Mur.
793 2444 851 2478 20.
870 2445 925 2478 41.
1006 2445 1061 2489 (5)
1090 2445 1150 2477 Pr.
1174 2445 1291 2478 Plane.
1310 2446 1345 2478 3.
1363 2445 1406 2487 ⁷,
1431 2457 1468 2488 p.
1488 2445 1582 2478 Mur.

298 2502 329 2534 7.
350 2501 393 2535 15
409 2526 418 2543 ,
444 2502 498 2536 10.
517 2501 574 2534 23.
620 2485 633 2505 ⁹
669 2500 722 2544 (6)
748 2499 838 2534 Ibid.
860 2500 914 2535 11.
933 2500 988 2534 24.
1036 2498 1091 2534 cf.
1112 2500 1150 2533 de
1168 2502 1228 2545 off.
1250 2500 1294 2534 ΙΙ.
1320 2500 1376 2534 14.
1394 2501 1449 2534 48.
1481 2532 1484 2536 .
