1857 3147
946 137 968 175 4

317 270 409 311 Pars
426 271 459 310 Ι.
494 271 550 310 De
568 282 733 322 persona
755 282 858 322 quae
879 269 1003 320 petit,
1027 270 1112 310 scil.
1133 269 1253 310 homo
1274 280 1410 309 novus.
1434 269 1462 322 ς
1486 227 1597 311 2-12.

373 344 477 383 Haec
498 342 680 383 nominis
689 343 840 383 novitas
1355 366 1358 369 -

319 454 326 460 ,
425 429 466 454 α.
475 415 719 454 sublevatur.
736 414 790 452 10.
803 411 964 452 dicendi
975 412 1125 464 gloria,
1143 413 1172 467 §
1185 413 1223 453 2.

360 471 363 476 '
731 485 1020 525 20.am100mm
1030 483 1598 539 multitudine.§3‚4.init.(1).

425 558 467 612 β.
480 558 691 598 adiuvatur
717 556 771 596 1⁰.
783 557 979 596 nobilium
1001 557 1202 597 voluntate

555 637 638 670 tam
656 630 885 680 hominum,
911 630 1083 670 maxime
1105 630 1392 680 consularium,
1416 630 1444 682 §
1468 631 1511 681 4,
1537 632 1574 670 5.

557 715 681 755 quam
703 702 1030 753 adolescentium,
1053 701 1081 755 §
1104 702 1142 743 6.

712 776 769 813 2⁰.
781 776 1031 826 compatione
1053 775 1250 814 nobilium

554 853 636 886 tam
659 841 850 887 inei-tium
869 846 898 901 §
916 847 954 888 7.
1132 863 1134 865 ·

557 932 678 970 quam
698 919 923 958 infamium.
947 918 975 971 §
1000 919 1111 958 8-12.

324 993 415 1032 Pars
438 992 490 1031 ΙΙ.
529 991 586 1031 De
614 1005 662 1030 eo
691 991 800 1044 quod
822 992 872 1031 ab
894 992 1058 1031 homine
1079 1004 1182 1031 novo
1203 991 1372 1043 petitur,
1397 991 1480 1031 scil.
1503 991 1605 1031 Con-

532 1064 691 1103 sulatus.
718 1062 746 1116 §
772 1063 909 1102 13-53.

377 1137 476 1176 Cum
493 1135 612 1174 multi
626 1136 704 1173 sint
722 1136 795 1186 qui
812 1135 851 1175 ei
860 1135 971 1176 hunc
981 1126 1173 1175 honorem
1184 1135 1409 1186 invideant,
1420 1134 1449 1187 §
1463 1134 1511 1174 13
1518 1165 1530 1185 ‚
1544 1134 1604 1174 14.

428 1219 469 1244 α.
481 1205 679 1245 ambitiosi
699 1204 753 1244 10.
765 1204 917 1243 nobiles

560 1283 643 1316 tam
667 1276 895 1316 Consulares

564 1361 686 1401 quam
707 1348 941 1399 magistratu
963 1361 1045 1387 non
1066 1348 1195 1388 functi
1201 1365 1213 1399 ;

699 1420 756 1460 20.
769 1421 864 1460 novi
882 1420 1094 1471 Praetorii;
1113 1420 1142 1473 §
1162 1420 1223 1460 13.

426 1493 469 1547 β.
482 1494 526 1532 in
544 1493 693 1546 populo
715 1491 836 1531 multi

695 1563 749 1603 10.
768 1563 820 1603 ob
842 1563 986 1602 horum
1009 1575 1203 1602 annorum
1223 1563 1566 1614 consuetudinem,

692 1636 750 1675 20.
763 1633 819 1675 'ob
839 1648 972 1675 causas
992 1648 1090 1686 quas
1111 1635 1260 1687 egerit,
1337 1634 1339 1636 ’

693 1707 751 1746 30.
768 1707 819 1747 ob
842 1720 898 1746 cn.
921 1719 1072 1746 romum
1093 1706 1291 1757 studium
1314 1707 1343 1760 §
1367 1707 1428 1747 14.

375 1780 600 1823 adhibenda
618 1785 676 1819 est
697 1791 849 1819 summa
870 1779 1100 1831 diligentia,
1125 1778 1154 1833 §
1180 1779 1241 1818 15.

376 1868 481 1908 quae
502 1859 560 1894 est
581 1853 752 1905 duplex·
790 1861 835 1891 1⁰.
859 1853 903 1891 in
924 1852 1146 1892 amicorum
1169 1852 1319 1892 studiis.
1346 1852 1374 1905 §
1398 1852 1534 1894 16-40.

774 1933 835 1965 ιιο.
855 1925 899 1964 in
921 1924 1106 1977 populari
1126 1925 1340 1965 voluntate.
1364 1924 1392 1977 §
1415 1925 1552 1965 41-63

376 1995 427 2035 ad
448 2002 506 2034 1¹¹¹.
531 1993 739 2033 Amicitiae
763 1998 855 2032 sunt

451 2070 517 2109 vel
539 2081 580 2108 α.
602 2068 811 2118 fundatae,
835 2067 864 2121 ς
890 2067 1026 2108 16-24.

427 2142 685 2184 fundatarum
709 2141 975 2181 amicitiarum
998 2153 1143 2192 genera
1163 2141 1338 2193 plurima
1358 2147 1468 2181 sunt:

660 2239 661 2242 =
694 2213 749 2252 10.
771 2213 945 2265 οομιιῑί,
964 2213 1172 2266 iunctique
1188 2212 1532 2266 necessitudine,§
1545 2212 1605 2254 16.

691 2286 755 2325 2⁰.
767 2285 890 2325 ceteri
911 2286 1031 2326 amici
1052 2285 1275 2337 domestici,

694 2358 751 2397 3ο.
769 2358 933 2398 tribules
953 2364 993 2398 et
1013 2344 1239 2412 samnia,'.§
1264 2358 1325 2399 17.

1405 2428 1420 2450 1

372 2523 427 2568 (1)
453 2521 550 2568 Quod
560 2530 669 2566 usque
678 2519 721 2554 td
730 2531 803 2555 voc.
812 2520 910 2553 aliud
916 2520 1135 2563 nullumfore
1152 2518 1194 2553 ad
1216 2518 1265 2561 §m
1283 2518 1306 2551 3
1323 2517 1539 2576 referendum
1548 2525 1611 2554 est.
