<?xml version="1.0" encoding="UTF-8"?>
<!DOCTYPE html PUBLIC "-//W3C//DTD XHTML 1.0 Transitional//EN"
    "http://www.w3.org/TR/xhtml1/DTD/xhtml1-transitional.dtd">
<html xmlns="http://www.w3.org/1999/xhtml" xml:lang="en" lang="en">
 <head>
  <title>
</title>
<meta http-equiv="Content-Type" content="text/html;charset=utf-8" />
  <meta name='ocr-system' content='tesseract 3.04.00' />
  <meta name='ocr-capabilities' content='ocr_page ocr_carea ocr_par ocr_line ocrx_word'/>
</head>
<body>
  <div class='ocr_page' id='page_1' title='image "4737851_0086.png"; bbox 0 0 1857 3147; ppageno 0'>
   <div class='ocr_carea' id='block_1_1' title="bbox 909 147 960 187">
    <p class='ocr_par' dir='ltr' id='par_1_1' title="bbox 909 147 960 187">
     <span class='ocr_line' id='line_1_1' title="bbox 909 147 960 187; baseline -0.02 0"><span class='ocrx_word' id='word_1_1' title='bbox 909 147 960 187; x_wconf 91' lang='grc'>70</span> 
     </span>
    </p>
   </div>
   <div class='ocr_carea' id='block_1_2' title="bbox 270 281 1592 2153">
    <p class='ocr_par' dir='ltr' id='par_1_2' title="bbox 278 281 1592 1062">
     <span class='ocr_line' id='line_1_2' title="bbox 288 281 1571 334; baseline 0.001 -13"><span class='ocrx_word' id='word_1_2' title='bbox 288 287 327 321; x_wconf 90' lang='lat' dir='ltr'>et</span> <span class='ocrx_word' id='word_1_3' title='bbox 345 296 384 322; x_wconf 73' lang='lat' dir='ltr'>n.</span> <span class='ocrx_word' id='word_1_4' title='bbox 404 296 538 323; x_wconf 79' lang='lat' dir='ltr'>ucnuo</span> <span class='ocrx_word' id='word_1_5' title='bbox 554 295 682 322; x_wconf 56' lang='lat' dir='ltr'>enasse</span> <span class='ocrx_word' id='word_1_6' title='bbox 703 282 742 320; x_wconf 88' lang='lat' dir='ltr'>ll</span> <span class='ocrx_word' id='word_1_7' title='bbox 761 282 877 329; x_wconf 60' lang='lat' dir='ltr'>Coss„</span> <span class='ocrx_word' id='word_1_8' title='bbox 906 281 970 319; x_wconf 86' lang='lat' dir='ltr'>lex</span> <span class='ocrx_word' id='word_1_9' title='bbox 991 281 1140 320; x_wconf 81' lang='lat' dir='ltr'>Licinia</span> <span class='ocrx_word' id='word_1_10' title='bbox 1163 282 1214 321; x_wconf 80' lang='lat' dir='ltr'>(le</span> <span class='ocrx_word' id='word_1_11' title='bbox 1233 282 1436 334; x_wconf 79' lang='lat' dir='ltr'>sodalitiis,</span> <span class='ocrx_word' id='word_1_12' title='bbox 1459 283 1571 322; x_wconf 73' lang='lat' dir='ltr'>euius</span> 
     </span>
     <span class='ocr_line' id='line_1_3' title="bbox 285 352 1573 408; baseline 0.002 -15"><span class='ocrx_word' id='word_1_13' title='bbox 285 355 473 408; x_wconf 77' lang='lat' dir='ltr'>frequens</span> <span class='ocrx_word' id='word_1_14' title='bbox 506 357 548 393; x_wconf 89' lang='lat' dir='ltr'>in</span> <span class='ocrx_word' id='word_1_15' title='bbox 582 354 790 394; x_wconf 75' lang='lat' dir='ltr'>Plancium</span> <span class='ocrx_word' id='word_1_16' title='bbox 823 353 974 392; x_wconf 88' lang='lat' dir='ltr'>mentio</span> <span class='ocrx_word' id='word_1_17' title='bbox 1007 352 1051 391; x_wconf 82' lang='lat' dir='ltr'>fit</span> <span class='ocrx_word' id='word_1_18' title='bbox 1080 352 1158 406; x_wconf 84' lang='lat' dir='ltr'><strong>(l);</strong></span> <span class='ocrx_word' id='word_1_19' title='bbox 1197 366 1318 406; x_wconf 86' lang='lat' dir='ltr'>quam</span> <span class='ocrx_word' id='word_1_20' title='bbox 1351 361 1483 395; x_wconf 79' lang='lat' dir='ltr'>secuta</span> <span class='ocrx_word' id='word_1_21' title='bbox 1515 361 1573 395; x_wconf 90' lang='lat' dir='ltr'>est</span> 
     </span>
     <span class='ocr_line' id='line_1_4' title="bbox 287 424 1572 480; baseline 0.002 -14"><span class='ocrx_word' id='word_1_22' title='bbox 287 427 393 468; x_wconf 86' lang='lat' dir='ltr'>Iulia</span> <span class='ocrx_word' id='word_1_23' title='bbox 413 440 580 477; x_wconf 70' lang='grc' dir='ltr'>Αιισιιειι,</span> <span class='ocrx_word' id='word_1_24' title='bbox 604 427 726 467; x_wconf 79' lang='lat' dir='ltr'>etiam</span> <span class='ocrx_word' id='word_1_25' title='bbox 747 427 799 467; x_wconf 90' lang='lat' dir='ltr'>de</span> <span class='ocrx_word' id='word_1_26' title='bbox 821 426 863 467; x_wconf 80' lang='lat' dir='ltr'>vi</span> <span class='ocrx_word' id='word_1_27' title='bbox 883 426 926 466; x_wconf 88' lang='lat' dir='ltr'>in</span> <span class='ocrx_word' id='word_1_28' title='bbox 942 425 1096 466; x_wconf 86' lang='lat' dir='ltr'>ambitu</span> <span class='ocrx_word' id='word_1_29' title='bbox 1106 424 1178 480; x_wconf 88' lang='lat'><strong>(2).</strong></span> <span class='ocrx_word' id='word_1_30' title='bbox 1215 425 1422 467; x_wconf 78' lang='lat' dir='ltr'>Armatam</span> <span class='ocrx_word' id='word_1_31' title='bbox 1438 433 1572 468; x_wconf 82' lang='lat' dir='ltr'>autem</span> 
     </span>
     <span class='ocr_line' id='line_1_5' title="bbox 284 499 1574 552; baseline -0.001 -13"><span class='ocrx_word' id='word_1_32' title='bbox 284 501 544 552; x_wconf 71' lang='lat' dir='ltr'>praesidium,</span> <span class='ocrx_word' id='word_1_33' title='bbox 577 500 757 552; x_wconf 70' lang='lat' dir='ltr'>quamvis</span> <span class='ocrx_word' id='word_1_34' title='bbox 791 501 835 538; x_wconf 90' lang='lat' dir='ltr'>in</span> <span class='ocrx_word' id='word_1_35' title='bbox 868 500 968 539; x_wconf 85' lang='lat' dir='ltr'>urbe</span> <span class='ocrx_word' id='word_1_36' title='bbox 989 499 1118 550; x_wconf 78' lang='lat' dir='ltr'>nefas,</span> <span class='ocrx_word' id='word_1_37' title='bbox 1144 512 1267 552; x_wconf 86' lang='lat' dir='ltr'>prope</span> <span class='ocrx_word' id='word_1_38' title='bbox 1290 513 1377 540; x_wconf 81' lang='lat' dir='ltr'>eam</span> <span class='ocrx_word' id='word_1_39' title='bbox 1398 500 1574 539; x_wconf 86' lang='lat' dir='ltr'>moribus</span> 
     </span>
     <span class='ocr_line' id='line_1_6' title="bbox 283 572 1573 622; baseline -0.002 -9"><span class='ocrx_word' id='word_1_40' title='bbox 283 578 420 613; x_wconf 84' lang='lat' dir='ltr'>contra</span> <span class='ocrx_word' id='word_1_41' title='bbox 441 573 665 613; x_wconf 77' lang='lat' dir='ltr'>libertatem</span> <span class='ocrx_word' id='word_1_42' title='bbox 688 572 914 622; x_wconf 84' lang='lat' dir='ltr'>videretur,</span> <span class='ocrx_word' id='word_1_43' title='bbox 940 586 963 612; x_wconf 88' lang='lat' dir='ltr'>a</span> <span class='ocrx_word' id='word_1_44' title='bbox 984 586 1109 613; x_wconf 70' lang='lat' dir='ltr'>riscus</span> <span class='ocrx_word' id='word_1_45' title='bbox 1131 579 1280 622; x_wconf 77' lang='lat' dir='ltr'>tamen,</span> <span class='ocrx_word' id='word_1_46' title='bbox 1307 579 1352 612; x_wconf 85' lang='lat' dir='ltr'>ut</span> <span class='ocrx_word' id='word_1_47' title='bbox 1375 587 1416 612; x_wconf 86' lang='lat' dir='ltr'>se</span> <span class='ocrx_word' id='word_1_48' title='bbox 1438 578 1573 613; x_wconf 89' lang='lat' dir='ltr'>contra</span> 
     </span>
     <span class='ocr_line' id='line_1_7' title="bbox 282 645 1574 701; baseline 0.002 -17"><span class='ocrx_word' id='word_1_49' title='bbox 282 646 501 685; x_wconf 86' lang='lat' dir='ltr'>divisorum</span> <span class='ocrx_word' id='word_1_50' title='bbox 535 647 619 686; x_wconf 85' lang='lat' dir='ltr'>vim</span> <span class='ocrx_word' id='word_1_51' title='bbox 650 646 883 685; x_wconf 85' lang='lat' dir='ltr'>defenderet</span> <span class='ocrx_word' id='word_1_52' title='bbox 907 645 983 701; x_wconf 86' lang='lat'><strong>(3),</strong></span> <span class='ocrx_word' id='word_1_53' title='bbox 1016 646 1066 685; x_wconf 84' lang='lat' dir='ltr'>ab</span> <span class='ocrx_word' id='word_1_54' title='bbox 1096 659 1269 695; x_wconf 68' lang='lat' dir='ltr'>nmmo,</span> <span class='ocrx_word' id='word_1_55' title='bbox 1304 651 1348 686; x_wconf 90' lang='lat' dir='ltr'>ut</span> <span class='ocrx_word' id='word_1_56' title='bbox 1381 647 1574 698; x_wconf 89' lang='lat' dir='ltr'>populum</span> 
     </span>
     <span class='ocr_line' id='line_1_8' title="bbox 282 718 1573 775; baseline -0.002 -17"><span class='ocrx_word' id='word_1_57' title='bbox 282 721 504 759; x_wconf 88' lang='lat' dir='ltr'>contineret</span> <span class='ocrx_word' id='word_1_58' title='bbox 524 718 600 775; x_wconf 70' lang='lat'>(4),</span> <span class='ocrx_word' id='word_1_59' title='bbox 636 720 687 758; x_wconf 86' lang='lat' dir='ltr'>ab</span> <span class='ocrx_word' id='word_1_60' title='bbox 720 733 922 759; x_wconf 70' lang='lat' dir='ltr'>oeruuuo</span> <span class='ocrx_word' id='word_1_61' title='bbox 954 719 1133 769; x_wconf 87' lang='lat' dir='ltr'>tandem,</span> <span class='ocrx_word' id='word_1_62' title='bbox 1164 725 1211 758; x_wconf 85' lang='lat' dir='ltr'>ut</span> <span class='ocrx_word' id='word_1_63' title='bbox 1240 718 1378 770; x_wconf 87' lang='lat' dir='ltr'>Remp.</span> <span class='ocrx_word' id='word_1_64' title='bbox 1409 731 1573 769; x_wconf 85' lang='lat' dir='ltr'>oocupa-</span> 
     </span>
     <span class='ocr_line' id='line_1_9' title="bbox 283 790 1574 845; baseline 0.001 -16"><span class='ocrx_word' id='word_1_65' title='bbox 283 796 344 830; x_wconf 88' lang='lat' dir='ltr'>ret</span> <span class='ocrx_word' id='word_1_66' title='bbox 371 790 448 845; x_wconf 87' lang='lat'><strong>(5),</strong></span> <span class='ocrx_word' id='word_1_67' title='bbox 484 791 565 830; x_wconf 78' lang='lat' dir='ltr'>fuit</span> <span class='ocrx_word' id='word_1_68' title='bbox 598 791 836 832; x_wconf 82' lang='lat' dir='ltr'>adhibitum.</span> <span class='ocrx_word' id='word_1_69' title='bbox 890 791 976 840; x_wconf 83' lang='lat' dir='ltr'>Quo</span> <span class='ocrx_word' id='word_1_70' title='bbox 1010 792 1109 832; x_wconf 88' lang='lat' dir='ltr'>haec</span> <span class='ocrx_word' id='word_1_71' title='bbox 1145 793 1277 832; x_wconf 85' lang='lat' dir='ltr'>omnia</span> <span class='ocrx_word' id='word_1_72' title='bbox 1302 792 1475 842; x_wconf 89' lang='lat' dir='ltr'>ruerint,</span> <span class='ocrx_word' id='word_1_73' title='bbox 1507 791 1574 831; x_wconf 85' lang='lat' dir='ltr'>hic</span> 
     </span>
     <span class='ocr_line' id='line_1_10' title="bbox 282 864 1575 917; baseline 0.001 -14"><span class='ocrx_word' id='word_1_74' title='bbox 282 864 417 903; x_wconf 82' lang='lat' dir='ltr'>dicere</span> <span class='ocrx_word' id='word_1_75' title='bbox 435 877 517 903; x_wconf 91' lang='lat' dir='ltr'>non</span> <span class='ocrx_word' id='word_1_76' title='bbox 534 865 696 914; x_wconf 84' lang='lat' dir='ltr'>attinet,</span> <span class='ocrx_word' id='word_1_77' title='bbox 724 871 765 903; x_wconf 88' lang='lat' dir='ltr'>et</span> <span class='ocrx_word' id='word_1_78' title='bbox 786 870 844 903; x_wconf 89' lang='lat' dir='ltr'>est</span> <span class='ocrx_word' id='word_1_79' title='bbox 861 864 1122 904; x_wconf 82' lang='lat' dir='ltr'>notissimum:</span> <span class='ocrx_word' id='word_1_80' title='bbox 1143 871 1332 917; x_wconf 81' lang='lat' dir='ltr'>recteque</span> <span class='ocrx_word' id='word_1_81' title='bbox 1348 878 1575 904; x_wconf 63' lang='lat' dir='ltr'>nur-monus</span> 
     </span>
     <span class='ocr_line' id='line_1_11' title="bbox 280 911 1571 991; baseline 0.002 -15"><span class='ocrx_word' id='word_1_82' title='bbox 280 937 433 976; x_wconf 88' lang='lat' dir='ltr'>dictum</span> <span class='ocrx_word' id='word_1_83' title='bbox 455 937 623 976; x_wconf 84' lang='lat' dir='ltr'>alieuius</span> <span class='ocrx_word' id='word_1_84' title='bbox 641 936 779 976; x_wconf 82' lang='lat' dir='ltr'>laudat</span> <span class='ocrx_word' id='word_1_85' title='bbox 795 936 869 991; x_wconf 85' lang='lat'><strong>(6):</strong></span> <span class='ocrx_word' id='word_1_86' title='bbox 897 935 961 976; x_wconf 76' lang='grc' dir='ltr'>ὅτι</span> <span class='ocrx_word' id='word_1_87' title='bbox 978 936 1134 991; x_wconf 78' lang='grc' dir='ltr'><strong><em>πρῶτος</em></strong></span> <span class='ocrx_word' id='word_1_88' title='bbox 1149 933 1338 977; x_wconf 78' lang='grc' dir='ltr'><strong><em>κατέλυσε</em></strong></span> <span class='ocrx_word' id='word_1_89' title='bbox 1357 911 1571 988; x_wconf 42' lang='grc' dir='ltr'>τὸιῆῆμον</span> 
     </span>
     <span class='ocr_line' id='line_1_12' title="bbox 278 1007 1592 1062; baseline 0.001 -13"><span class='ocrx_word' id='word_1_90' title='bbox 278 1011 301 1049; x_wconf 85' lang='lat' dir='ltr'>o‘</span> <span class='ocrx_word' id='word_1_91' title='bbox 327 1010 483 1062; x_wconf 81' lang='grc' dir='ltr'><strong><em>πρῶτος</em></strong></span> <span class='ocrx_word' id='word_1_92' title='bbox 507 1010 689 1055; x_wconf 77' lang='grc' dir='ltr'>ἑστιάσας</span> <span class='ocrx_word' id='word_1_93' title='bbox 712 1008 781 1048; x_wconf 73' lang='grc' dir='ltr'>καὶ</span> <span class='ocrx_word' id='word_1_94' title='bbox 808 1007 987 1057; x_wconf 71' lang='grc' dir='ltr'>δεκάσας.</span> <span class='ocrx_word' id='word_1_95' title='bbox 1587 1012 1592 1017; x_wconf 87' lang='grc'><strong>’</strong></span> 
     </span>
    </p>

    <p class='ocr_par' dir='ltr' id='par_1_3' title="bbox 270 1072 1575 2153">
     <span class='ocr_line' id='line_1_13' title="bbox 334 1072 1575 1137; baseline 0 -14"><span class='ocrx_word' id='word_1_96' title='bbox 334 1086 455 1136; x_wconf 84' lang='lat' dir='ltr'>Leges</span> <span class='ocrx_word' id='word_1_97' title='bbox 466 1115 478 1134; x_wconf 97' lang='lat'>,</span> <span class='ocrx_word' id='word_1_98' title='bbox 509 1084 702 1136; x_wconf 81' lang='lat' dir='ltr'>siquando</span> <span class='ocrx_word' id='word_1_99' title='bbox 721 1084 890 1123; x_wconf 79' lang='lat' dir='ltr'>ambitus</span> <span class='ocrx_word' id='word_1_100' title='bbox 911 1085 1204 1136; x_wconf 82' lang='lat' dir='ltr'>postularentur</span> <span class='ocrx_word' id='word_1_101' title='bbox 1225 1085 1409 1137; x_wconf 86' lang='lat' dir='ltr'>quidam,</span> <span class='ocrx_word' id='word_1_102' title='bbox 1431 1086 1475 1124; x_wconf 92' lang='lat' dir='ltr'>in</span> <span class='ocrx_word' id='word_1_103' title='bbox 1496 1072 1575 1123; x_wconf 26' lang='lat' dir='ltr'>sin-¹</span> 
     </span>
     <span class='ocr_line' id='line_1_14' title="bbox 279 1155 1572 1207; baseline 0.003 -14"><span class='ocrx_word' id='word_1_104' title='bbox 279 1157 382 1207; x_wconf 79' lang='lat' dir='ltr'>gulis</span> <span class='ocrx_word' id='word_1_105' title='bbox 416 1157 495 1194; x_wconf 86' lang='lat' dir='ltr'>reis</span> <span class='ocrx_word' id='word_1_106' title='bbox 524 1160 713 1194; x_wconf 83' lang='lat' dir='ltr'>eventum</span> <span class='ocrx_word' id='word_1_107' title='bbox 748 1155 834 1194; x_wconf 87' lang='lat' dir='ltr'>fere</span> <span class='ocrx_word' id='word_1_108' title='bbox 866 1169 948 1195; x_wconf 89' lang='lat' dir='ltr'>non</span> <span class='ocrx_word' id='word_1_109' title='bbox 982 1157 1234 1207; x_wconf 85' lang='lat' dir='ltr'>habuerunt,</span> <span class='ocrx_word' id='word_1_110' title='bbox 1273 1157 1473 1197; x_wconf 85' lang='lat' dir='ltr'>iudicibus</span> <span class='ocrx_word' id='word_1_111' title='bbox 1508 1158 1572 1197; x_wconf 87' lang='lat' dir='ltr'>vel</span> 
     </span>
     <span class='ocr_line' id='line_1_15' title="bbox 277 1212 1574 1281; baseline 0 -13"><span class='ocrx_word' id='word_1_112' title='bbox 277 1212 472 1280; x_wconf 82' lang='lat' dir='ltr'>corruptis</span> <span class='ocrx_word' id='word_1_113' title='bbox 491 1228 556 1267; x_wconf 84' lang='lat' dir='ltr'>vel</span> <span class='ocrx_word' id='word_1_114' title='bbox 574 1233 686 1267; x_wconf 89' lang='lat' dir='ltr'>metu</span> <span class='ocrx_word' id='word_1_115' title='bbox 706 1228 833 1280; x_wconf 90' lang='lat' dir='ltr'>plebis</span> <span class='ocrx_word' id='word_1_116' title='bbox 852 1241 933 1267; x_wconf 89' lang='lat' dir='ltr'>non</span> <span class='ocrx_word' id='word_1_117' title='bbox 945 1228 1311 1269; x_wconf 81' lang='lat' dir='ltr'>condemnantibus.</span> <span class='ocrx_word' id='word_1_118' title='bbox 1338 1213 1574 1281; x_wconf 80' lang='lat' dir='ltr'>Turpissima</span> 
     </span>
     <span class='ocr_line' id='line_1_16' title="bbox 276 1300 1573 1355; baseline 0.002 -15"><span class='ocrx_word' id='word_1_119' title='bbox 276 1307 429 1340; x_wconf 78' lang='lat' dir='ltr'>exstant</span> <span class='ocrx_word' id='word_1_120' title='bbox 465 1301 757 1353; x_wconf 81' lang='lat' dir='ltr'>profusissimae</span> <span class='ocrx_word' id='word_1_121' title='bbox 794 1301 1012 1353; x_wconf 77' lang='lat' dir='ltr'>largitionis</span> <span class='ocrx_word' id='word_1_122' title='bbox 1043 1302 1223 1353; x_wconf 85' lang='lat' dir='ltr'>exempla</span> <span class='ocrx_word' id='word_1_123' title='bbox 1244 1300 1303 1355; x_wconf 93' lang='lat'>(7)</span> <span class='ocrx_word' id='word_1_124' title='bbox 1314 1333 1326 1352; x_wconf 94' lang='lat'>,</span> <span class='ocrx_word' id='word_1_125' title='bbox 1354 1315 1403 1341; x_wconf 88' lang='lat' dir='ltr'>ex</span> <span class='ocrx_word' id='word_1_126' title='bbox 1427 1302 1573 1354; x_wconf 80' lang='lat' dir='ltr'>quibus</span> 
     </span>
     <span class='ocr_line' id='line_1_17' title="bbox 277 1374 1571 1427; baseline 0 -14"><span class='ocrx_word' id='word_1_127' title='bbox 277 1387 406 1413; x_wconf 88' lang='lat' dir='ltr'>unum</span> <span class='ocrx_word' id='word_1_128' title='bbox 439 1374 517 1413; x_wconf 87' lang='lat' dir='ltr'>hoe</span> <span class='ocrx_word' id='word_1_129' title='bbox 553 1374 605 1412; x_wconf 89' lang='lat' dir='ltr'>de</span> <span class='ocrx_word' id='word_1_130' title='bbox 632 1388 802 1414; x_wconf 72' lang='lat' dir='ltr'>sumnum</span> <span class='ocrx_word' id='word_1_131' title='bbox 825 1388 1003 1426; x_wconf 81' lang='lat' dir='ltr'>promam</span> <span class='ocrx_word' id='word_1_132' title='bbox 1017 1405 1028 1424; x_wconf 93' lang='lat'>,</span> <span class='ocrx_word' id='word_1_133' title='bbox 1055 1380 1239 1414; x_wconf 81' lang='lat' dir='ltr'>narrante</span> <span class='ocrx_word' id='word_1_134' title='bbox 1262 1374 1341 1427; x_wconf 81' lang='lat'><strong>(8):</strong></span> <span class='ocrx_word' id='word_1_135' title='bbox 1371 1375 1571 1414; x_wconf 88' lang='lat' dir='ltr'>Caesarem</span> 
     </span>
     <span class='ocr_line' id='line_1_18' title="bbox 278 1442 1570 1498; baseline 0 -13"><span class='ocrx_word' id='word_1_136' title='bbox 278 1442 530 1486; x_wconf 84' lang='lat' dir='ltr'>Pontificatus</span> <span class='ocrx_word' id='word_1_137' title='bbox 546 1447 708 1485; x_wconf 86' lang='lat' dir='ltr'>maximi</span> <span class='ocrx_word' id='word_1_138' title='bbox 726 1446 825 1485; x_wconf 89' lang='lat' dir='ltr'>duos</span> <span class='ocrx_word' id='word_1_139' title='bbox 842 1447 1135 1498; x_wconf 85' lang='lat' dir='ltr'>competitores,</span> <span class='ocrx_word' id='word_1_140' title='bbox 1153 1447 1437 1498; x_wconf 85' lang='lat' dir='ltr'>potentissimos</span> <span class='ocrx_word' id='word_1_141' title='bbox 1443 1477 1454 1496; x_wconf 93' lang='lat'>,</span> <span class='ocrx_word' id='word_1_142' title='bbox 1471 1448 1570 1485; x_wconf 90' lang='lat' dir='ltr'>mul-</span> 
     </span>
     <span class='ocr_line' id='line_1_19' title="bbox 277 1518 1571 1571; baseline 0 -14"><span class='ocrx_word' id='word_1_143' title='bbox 277 1525 445 1571; x_wconf 87' lang='lat' dir='ltr'>tumque</span> <span class='ocrx_word' id='word_1_144' title='bbox 468 1525 508 1558; x_wconf 79' lang='lat' dir='ltr'>et</span> <span class='ocrx_word' id='word_1_145' title='bbox 529 1525 656 1558; x_wconf 89' lang='lat' dir='ltr'>aetate</span> <span class='ocrx_word' id='word_1_146' title='bbox 680 1525 721 1557; x_wconf 91' lang='lat' dir='ltr'>et</span> <span class='ocrx_word' id='word_1_147' title='bbox 743 1519 935 1569; x_wconf 75' lang='lat' dir='ltr'>dignitate</span> <span class='ocrx_word' id='word_1_148' title='bbox 959 1518 1250 1566; x_wconf 77' lang='lat' dir='ltr'>antecedentes,</span> <span class='ocrx_word' id='word_1_149' title='bbox 1276 1520 1331 1557; x_wconf 82' lang='lat' dir='ltr'>ita</span> <span class='ocrx_word' id='word_1_150' title='bbox 1354 1532 1571 1570; x_wconf 82' lang='lat' dir='ltr'>superasse,</span> 
     </span>
     <span class='ocr_line' id='line_1_20' title="bbox 276 1591 1572 1644; baseline 0 -12"><span class='ocrx_word' id='word_1_151' title='bbox 276 1599 321 1632; x_wconf 92' lang='lat' dir='ltr'>ut</span> <span class='ocrx_word' id='word_1_152' title='bbox 348 1592 466 1644; x_wconf 85' lang='lat' dir='ltr'>plura</span> <span class='ocrx_word' id='word_1_153' title='bbox 488 1592 572 1644; x_wconf 87' lang='lat' dir='ltr'>ipse</span> <span class='ocrx_word' id='word_1_154' title='bbox 594 1593 638 1630; x_wconf 93' lang='lat' dir='ltr'>in</span> <span class='ocrx_word' id='word_1_155' title='bbox 662 1605 801 1632; x_wconf 88' lang='lat' dir='ltr'>eorum</span> <span class='ocrx_word' id='word_1_156' title='bbox 826 1592 1007 1630; x_wconf 86' lang='lat' dir='ltr'>tribubus</span> <span class='ocrx_word' id='word_1_157' title='bbox 1029 1591 1234 1643; x_wconf 80' lang='lat' dir='ltr'>suffragia,</span> <span class='ocrx_word' id='word_1_158' title='bbox 1257 1605 1378 1644; x_wconf 81' lang='lat' dir='ltr'>quam</span> <span class='ocrx_word' id='word_1_159' title='bbox 1402 1597 1572 1644; x_wconf 86' lang='lat' dir='ltr'>uterque</span> 
     </span>
     <span class='ocr_line' id='line_1_21' title="bbox 274 1665 1568 1717; baseline 0.002 -13"><span class='ocrx_word' id='word_1_160' title='bbox 274 1667 317 1704; x_wconf 89' lang='lat' dir='ltr'>in</span> <span class='ocrx_word' id='word_1_161' title='bbox 344 1666 528 1704; x_wconf 87' lang='lat' dir='ltr'>omnibus</span> <span class='ocrx_word' id='word_1_162' title='bbox 558 1665 708 1704; x_wconf 85' lang='lat' dir='ltr'>tulerit.</span> <span class='ocrx_word' id='word_1_163' title='bbox 762 1665 935 1704; x_wconf 86' lang='lat' dir='ltr'>Tandem</span> <span class='ocrx_word' id='word_1_164' title='bbox 965 1665 1070 1704; x_wconf 85' lang='lat' dir='ltr'>nihil</span> <span class='ocrx_word' id='word_1_165' title='bbox 1099 1666 1268 1704; x_wconf 84' lang='lat' dir='ltr'>restabat</span> <span class='ocrx_word' id='word_1_166' title='bbox 1297 1666 1568 1717; x_wconf 80' lang='lat' dir='ltr'>optimatibus,</span> 
     </span>
     <span class='ocr_line' id='line_1_22' title="bbox 272 1738 1572 1791; baseline 0 -13"><span class='ocrx_word' id='word_1_167' title='bbox 272 1739 344 1791; x_wconf 90' lang='lat' dir='ltr'>qui</span> <span class='ocrx_word' id='word_1_168' title='bbox 372 1739 483 1778; x_wconf 92' lang='lat' dir='ltr'>hunc</span> <span class='ocrx_word' id='word_1_169' title='bbox 517 1739 582 1778; x_wconf 86' lang='lat' dir='ltr'>vel</span> <span class='ocrx_word' id='word_1_170' title='bbox 615 1738 733 1777; x_wconf 87' lang='lat' dir='ltr'>illum</span> <span class='ocrx_word' id='word_1_171' title='bbox 771 1738 979 1777; x_wconf 86' lang='lat' dir='ltr'>Consulem</span> <span class='ocrx_word' id='word_1_172' title='bbox 1013 1739 1140 1777; x_wconf 82' lang='lat' dir='ltr'>creari</span> <span class='ocrx_word' id='word_1_173' title='bbox 1168 1739 1380 1789; x_wconf 84' lang='lat' dir='ltr'>prohibere</span> <span class='ocrx_word' id='word_1_174' title='bbox 1403 1739 1572 1788; x_wconf 89' lang='lat' dir='ltr'>vellent,</span> 
     </span>
     <span class='ocr_line' id='line_1_23' title="bbox 272 1811 1567 1863; baseline 0 -13"><span class='ocrx_word' id='word_1_175' title='bbox 272 1824 394 1862; x_wconf 83' lang='lat' dir='ltr'>quam</span> <span class='ocrx_word' id='word_1_176' title='bbox 429 1817 476 1849; x_wconf 89' lang='lat' dir='ltr'>ut</span> <span class='ocrx_word' id='word_1_177' title='bbox 507 1812 582 1863; x_wconf 79' lang='lat' dir='ltr'>ipsi</span> <span class='ocrx_word' id='word_1_178' title='bbox 614 1811 861 1862; x_wconf 87' lang='lat' dir='ltr'>competitori</span> <span class='ocrx_word' id='word_1_179' title='bbox 884 1811 1044 1850; x_wconf 83' lang='lat' dir='ltr'>cuidam</span> <span class='ocrx_word' id='word_1_180' title='bbox 1067 1811 1277 1862; x_wconf 88' lang='lat' dir='ltr'>pecuniam</span> <span class='ocrx_word' id='word_1_181' title='bbox 1301 1811 1567 1850; x_wconf 88' lang='lat' dir='ltr'>subministra-</span> 
     </span>
     <span class='ocr_line' id='line_1_24' title="bbox 274 1882 1569 1936; baseline 0.001 -14"><span class='ocrx_word' id='word_1_182' title='bbox 274 1889 378 1932; x_wconf 80' lang='lat' dir='ltr'>rent3</span> <span class='ocrx_word' id='word_1_183' title='bbox 401 1883 510 1934; x_wconf 87' lang='lat' dir='ltr'>quod</span> <span class='ocrx_word' id='word_1_184' title='bbox 531 1884 574 1921; x_wconf 90' lang='lat' dir='ltr'>in</span> <span class='ocrx_word' id='word_1_185' title='bbox 590 1897 728 1922; x_wconf 72' lang='lat' dir='ltr'>nusum</span> <span class='ocrx_word' id='word_1_186' title='bbox 743 1882 892 1921; x_wconf 76' lang='lat' dir='ltr'>factum</span> <span class='ocrx_word' id='word_1_187' title='bbox 911 1896 1010 1931; x_wconf 85' lang='lat' dir='ltr'>esse,</span> <span class='ocrx_word' id='word_1_188' title='bbox 1031 1882 1139 1921; x_wconf 86' lang='lat' dir='ltr'>idem</span> <span class='ocrx_word' id='word_1_189' title='bbox 1156 1883 1276 1921; x_wconf 89' lang='lat' dir='ltr'>tradit</span> <span class='ocrx_word' id='word_1_190' title='bbox 1293 1897 1480 1923; x_wconf 64' lang='lat' dir='ltr'>smrroums</span> <span class='ocrx_word' id='word_1_191' title='bbox 1492 1883 1569 1936; x_wconf 87' lang='lat'>(9),</span> 
     </span>
     <span class='ocr_line' id='line_1_25' title="bbox 272 1955 1570 1996; baseline 0 -1"><span class='ocrx_word' id='word_1_192' title='bbox 272 1958 339 1995; x_wconf 88' lang='lat' dir='ltr'>cui</span> <span class='ocrx_word' id='word_1_193' title='bbox 359 1962 539 1996; x_wconf 87' lang='lat' dir='ltr'>auctores</span> <span class='ocrx_word' id='word_1_194' title='bbox 559 1957 722 1996; x_wconf 76' lang='lat' dir='ltr'>fuerunt</span> <span class='ocrx_word' id='word_1_195' title='bbox 746 1955 994 1995; x_wconf 83' lang='lat' dir='ltr'>tantumdem</span> <span class='ocrx_word' id='word_1_196' title='bbox 1017 1969 1063 1995; x_wconf 89' lang='lat' dir='ltr'>ac</span> <span class='ocrx_word' id='word_1_197' title='bbox 1085 1970 1249 1995; x_wconf 77' lang='lat' dir='ltr'><strong>LUGOEIUS</strong></span> <span class='ocrx_word' id='word_1_198' title='bbox 1273 1962 1312 1995; x_wconf 84' lang='lat' dir='ltr'>et</span> <span class='ocrx_word' id='word_1_199' title='bbox 1335 1970 1468 1996; x_wconf 62' lang='lat' dir='ltr'>casm</span> <span class='ocrx_word' id='word_1_200' title='bbox 1490 1969 1570 1995; x_wconf 83' lang='lat' dir='ltr'>una</span> 
     </span>
     <span class='ocr_line' id='line_1_26' title="bbox 271 2020 1567 2080; baseline -0.001 -13"><span class='ocrx_word' id='word_1_201' title='bbox 271 2028 506 2080; x_wconf 84' lang='lat' dir='ltr'>pollicendi3</span> <span class='ocrx_word' id='word_1_202' title='bbox 544 2020 643 2067; x_wconf 74' lang='lat' dir='ltr'>adeo</span> <span class='ocrx_word' id='word_1_203' title='bbox 671 2034 715 2066; x_wconf 85' lang='lat' dir='ltr'>ut</span> <span class='ocrx_word' id='word_1_204' title='bbox 739 2028 922 2080; x_wconf 84' lang='lat' dir='ltr'>plerique</span> <span class='ocrx_word' id='word_1_205' title='bbox 948 2029 1137 2079; x_wconf 87' lang='lat' dir='ltr'>pecunias</span> <span class='ocrx_word' id='word_1_206' title='bbox 1160 2028 1425 2076; x_wconf 90' lang='lat' dir='ltr'>contulerint,</span> <span class='ocrx_word' id='word_1_207' title='bbox 1453 2033 1492 2066; x_wconf 83' lang='lat' dir='ltr'>et</span> <span class='ocrx_word' id='word_1_208' title='bbox 1516 2041 1567 2066; x_wconf 89' lang='lat' dir='ltr'>ne</span> 
     </span>
     <span class='ocr_line' id='line_1_27' title="bbox 270 2099 1437 2153; baseline -0.003 -12"><span class='ocrx_word' id='word_1_209' title='bbox 270 2116 361 2141; x_wconf 66' lang='lat' dir='ltr'>cmo</span> <span class='ocrx_word' id='word_1_210' title='bbox 382 2101 548 2153; x_wconf 88' lang='lat' dir='ltr'>quidem</span> <span class='ocrx_word' id='word_1_211' title='bbox 575 2101 759 2139; x_wconf 90' lang='lat' dir='ltr'>abnuerit</span> <span class='ocrx_word' id='word_1_212' title='bbox 786 2114 872 2139; x_wconf 81' lang='lat' dir='ltr'>eam</span> <span class='ocrx_word' id='word_1_213' title='bbox 896 2101 1145 2151; x_wconf 79' lang='lat' dir='ltr'>largitionem</span> <span class='ocrx_word' id='word_1_214' title='bbox 1169 2113 1193 2149; x_wconf 89' lang='lat' dir='ltr'>e</span> <span class='ocrx_word' id='word_1_215' title='bbox 1218 2100 1313 2150; x_wconf 89' lang='lat' dir='ltr'>Rep.</span> <span class='ocrx_word' id='word_1_216' title='bbox 1338 2099 1437 2138; x_wconf 85' lang='lat' dir='ltr'>fieri.</span> 
     </span>
    </p>
   </div>
   <div class='ocr_carea' id='block_1_3' title="bbox 281 2243 573 2253">
    <p class='ocr_par' dir='ltr' id='par_1_4' title="bbox 281 2243 573 2253">
     <span class='ocr_line' id='line_1_28' title="bbox 281 2243 573 2253; baseline 0 0"><span class='ocrx_word' id='word_1_217' title='bbox 281 2243 573 2253; x_wconf 95' lang='lat' dir='ltr'> </span> 
     </span>
    </p>
   </div>
   <div class='ocr_carea' id='block_1_4' title="bbox 266 2325 1567 2588">
    <p class='ocr_par' dir='ltr' id='par_1_5' title="bbox 266 2325 1567 2588">
     <span class='ocr_line' id='line_1_29' title="bbox 314 2325 1567 2372; baseline -0.002 -12"><span class='ocrx_word' id='word_1_218' title='bbox 314 2326 372 2371; x_wconf 81' lang='grc'>(1)</span> <span class='ocrx_word' id='word_1_219' title='bbox 397 2327 450 2365; x_wconf 62' lang='lat' dir='ltr'>ne.</span> <span class='ocrx_word' id='word_1_220' title='bbox 457 2339 525 2372; x_wconf 79' lang='lat' dir='ltr'>qua</span> <span class='ocrx_word' id='word_1_221' title='bbox 534 2327 580 2361; x_wconf 84' lang='lat' dir='ltr'>cf.</span> <span class='ocrx_word' id='word_1_222' title='bbox 591 2327 640 2361; x_wconf 88' lang='lat' dir='ltr'>W</span> <span class='ocrx_word' id='word_1_223' title='bbox 649 2339 674 2360; x_wconf 93' lang='lat' dir='ltr'>u</span> <span class='ocrx_word' id='word_1_224' title='bbox 683 2338 707 2359; x_wconf 89' lang='grc' dir='ltr'>ιι</span> <span class='ocrx_word' id='word_1_225' title='bbox 716 2326 739 2360; x_wconf 84' lang='lat' dir='ltr'>d</span> <span class='ocrx_word' id='word_1_226' title='bbox 750 2338 805 2368; x_wconf 84' lang='lat' dir='ltr'>er,</span> <span class='ocrx_word' id='word_1_227' title='bbox 818 2326 994 2360; x_wconf 82' lang='lat' dir='ltr'>adPlanc.</span> <span class='ocrx_word' id='word_1_228' title='bbox 1004 2337 1040 2371; x_wconf 85' lang='lat' dir='ltr'>p.</span> <span class='ocrx_word' id='word_1_229' title='bbox 1051 2334 1181 2358; x_wconf 66' lang='lat' dir='ltr'>mxxvii.</span> <span class='ocrx_word' id='word_1_230' title='bbox 1192 2325 1298 2370; x_wconf 78' lang='lat' dir='ltr'>praef.</span> <span class='ocrx_word' id='word_1_231' title='bbox 1371 2325 1426 2368; x_wconf 80' lang='lat'>(2)</span> <span class='ocrx_word' id='word_1_232' title='bbox 1450 2325 1567 2358; x_wconf 82' lang='lat' dir='ltr'>Paul.</span> 
     </span>
     <span class='ocr_line' id='line_1_30' title="bbox 270 2378 1565 2423; baseline -0.002 -10"><span class='ocrx_word' id='word_1_233' title='bbox 270 2381 422 2414; x_wconf 76' lang='lat' dir='ltr'>Sentent.</span> <span class='ocrx_word' id='word_1_234' title='bbox 443 2382 487 2414; x_wconf 79' lang='lat' dir='ltr'>V.</span> <span class='ocrx_word' id='word_1_235' title='bbox 505 2382 563 2414; x_wconf 78' lang='lat'>30.</span> <span class='ocrx_word' id='word_1_236' title='bbox 611 2381 669 2415; x_wconf 83' lang='lat' dir='ltr'>Of.</span> <span class='ocrx_word' id='word_1_237' title='bbox 688 2380 715 2414; x_wconf 92' lang='lat' dir='ltr'>l.</span> <span class='ocrx_word' id='word_1_238' title='bbox 735 2391 797 2413; x_wconf 85' lang='lat' dir='ltr'>un.</span> <span class='ocrx_word' id='word_1_239' title='bbox 816 2380 858 2413; x_wconf 88' lang='lat' dir='ltr'>D.</span> <span class='ocrx_word' id='word_1_240' title='bbox 878 2381 925 2412; x_wconf 80' lang='lat' dir='ltr'>ad</span> <span class='ocrx_word' id='word_1_241' title='bbox 950 2381 973 2413; x_wconf 83' lang='lat' dir='ltr'>l.</span> <span class='ocrx_word' id='word_1_242' title='bbox 995 2379 1072 2413; x_wconf 82' lang='lat' dir='ltr'>Jul.</span> <span class='ocrx_word' id='word_1_243' title='bbox 1091 2379 1131 2411; x_wconf 75' lang='lat' dir='ltr'>de</span> <span class='ocrx_word' id='word_1_244' title='bbox 1150 2379 1293 2412; x_wconf 78' lang='lat' dir='ltr'>ambitu.</span> <span class='ocrx_word' id='word_1_245' title='bbox 1388 2379 1443 2423; x_wconf 83' lang='lat'><strong>(3)</strong></span> <span class='ocrx_word' id='word_1_246' title='bbox 1472 2378 1565 2413; x_wconf 78' lang='lat' dir='ltr'>Asc.</span> 
     </span>
     <span class='ocr_line' id='line_1_31' title="bbox 266 2433 1564 2481; baseline -0.002 -12"><span class='ocrx_word' id='word_1_247' title='bbox 266 2438 302 2470; x_wconf 75' lang='lat' dir='ltr'>in</span> <span class='ocrx_word' id='word_1_248' title='bbox 322 2435 457 2469; x_wconf 71' lang='lat' dir='ltr'>Coma.</span> <span class='ocrx_word' id='word_1_249' title='bbox 476 2447 511 2481; x_wconf 89' lang='lat' dir='ltr'>p.</span> <span class='ocrx_word' id='word_1_250' title='bbox 521 2436 578 2470; x_wconf 82' lang='lat'>75.</span> <span class='ocrx_word' id='word_1_251' title='bbox 649 2434 704 2480; x_wconf 69' lang='lat'>(4)</span> <span class='ocrx_word' id='word_1_252' title='bbox 732 2434 759 2469; x_wconf 90' lang='lat' dir='ltr'>C</span> <span class='ocrx_word' id='word_1_253' title='bbox 772 2436 823 2468; x_wconf 82' lang='lat' dir='ltr'>io.</span> <span class='ocrx_word' id='word_1_254' title='bbox 845 2435 995 2479; x_wconf 75' lang='lat' dir='ltr'>Philipp.</span> <span class='ocrx_word' id='word_1_255' title='bbox 1006 2434 1033 2468; x_wconf 91' lang='lat'>1.</span> <span class='ocrx_word' id='word_1_256' title='bbox 1044 2433 1235 2476; x_wconf 81' lang='lat'><strong>10.25,15.</strong></span> <span class='ocrx_word' id='word_1_257' title='bbox 1245 2435 1302 2469; x_wconf 81' lang='lat'>36.</span> <span class='ocrx_word' id='word_1_258' title='bbox 1374 2434 1429 2479; x_wconf 88' lang='lat'>(5)</span> <span class='ocrx_word' id='word_1_259' title='bbox 1457 2433 1564 2478; x_wconf 76' lang='lat' dir='ltr'>App.</span> 
     </span>
     <span class='ocr_line' id='line_1_32' title="bbox 268 2489 1563 2534; baseline -0.002 -12"><span class='ocrx_word' id='word_1_260' title='bbox 268 2491 355 2523; x_wconf 80' lang='lat' dir='ltr'>Bell.</span> <span class='ocrx_word' id='word_1_261' title='bbox 378 2493 442 2524; x_wconf 82' lang='lat' dir='ltr'>civ.</span> <span class='ocrx_word' id='word_1_262' title='bbox 462 2490 523 2523; x_wconf 83' lang='lat' dir='ltr'>IV.</span> <span class='ocrx_word' id='word_1_263' title='bbox 541 2491 574 2522; x_wconf 82' lang='lat'>⁷.</span> <span class='ocrx_word' id='word_1_264' title='bbox 671 2490 726 2534; x_wconf 72' lang='grc' dir='ltr'>(ὅ)</span> <span class='ocrx_word' id='word_1_265' title='bbox 754 2490 867 2523; x_wconf 78' lang='lat' dir='ltr'>Plut.</span> <span class='ocrx_word' id='word_1_266' title='bbox 893 2491 1018 2523; x_wconf 73' lang='lat' dir='ltr'>Coriol-</span> <span class='ocrx_word' id='word_1_267' title='bbox 1039 2501 1075 2533; x_wconf 85' lang='lat' dir='ltr'>p.</span> <span class='ocrx_word' id='word_1_268' title='bbox 1094 2489 1172 2522; x_wconf 78' lang='lat'><strong>220.</strong></span> <span class='ocrx_word' id='word_1_269' title='bbox 1269 2489 1321 2532; x_wconf 86' lang='lat'>(7)</span> <span class='ocrx_word' id='word_1_270' title='bbox 1350 2490 1456 2534; x_wconf 79' lang='lat' dir='ltr'>App.</span> <span class='ocrx_word' id='word_1_271' title='bbox 1476 2489 1563 2521; x_wconf 80' lang='lat' dir='ltr'>Bell.</span> 
     </span>
     <span class='ocr_line' id='line_1_33' title="bbox 271 2544 1159 2588; baseline 0.003 -13"><span class='ocrx_word' id='word_1_272' title='bbox 271 2545 331 2577; x_wconf 73' lang='lat' dir='ltr'>civ.</span> <span class='ocrx_word' id='word_1_273' title='bbox 352 2544 394 2577; x_wconf 88' lang='lat'>11.</span> <span class='ocrx_word' id='word_1_274' title='bbox 416 2545 470 2578; x_wconf 79' lang='grc'>19.</span> <span class='ocrx_word' id='word_1_275' title='bbox 565 2544 631 2587; x_wconf 82' lang='grc'>(8),</span> <span class='ocrx_word' id='word_1_276' title='bbox 649 2545 743 2578; x_wconf 79' lang='lat' dir='ltr'>Caes.</span> <span class='ocrx_word' id='word_1_277' title='bbox 760 2545 814 2578; x_wconf 87' lang='lat'>13.</span> <span class='ocrx_word' id='word_1_278' title='bbox 913 2545 968 2588; x_wconf 76' lang='grc'>(9)</span> <span class='ocrx_word' id='word_1_279' title='bbox 995 2544 1082 2577; x_wconf 87' lang='lat' dir='ltr'>lbid.</span> <span class='ocrx_word' id='word_1_280' title='bbox 1102 2545 1159 2578; x_wconf 82' lang='lat'>19.</span> 
     </span>
    </p>
   </div>
  </div>
 </body>
</html>
