1857 3147
1021 130 1072 170 02

404 263 522 314 Quod
547 265 681 306 nescio
697 277 748 304 an
774 268 859 304 tum
885 263 964 304 iam
992 276 1183 317 umquam
1208 264 1329 306 fuerit
1350 267 1591 318 prohibitum
1604 296 1615 318 ,
1643 274 1683 307 et

405 338 502 378 dein
521 340 763 391 neglectum5
784 350 837 378 an
859 350 953 377 vero
970 350 1120 377 novum
1140 337 1311 379 ambitus
1330 338 1556 394 inventum,
1574 340 1683 394 quod

403 411 524 464 dein,
554 410 694 464 populi
719 411 865 464 gratia,
899 410 950 451 ab
982 410 1270 453 honestioribus
1292 425 1453 465 quoque
1474 413 1684 459 adhibeba-

403 491 501 536 tun-3-
518 484 679 535 saltem,
705 484 808 523 duee
830 497 984 534 mm,
1006 484 1100 524 scio
1121 485 1379 527 constitutum
1402 491 1476 537 est,
1503 491 1549 525 ut
1568 498 1682 538 pran-

402 557 470 597 dia
487 557 520 597 si
542 557 663 609 vulgo
683 562 810 597 essent
829 556 920 597 data
930 587 943 608 ,
960 547 1096 598 conti-a
1117 558 1248 611 legem
1265 559 1517 612 Calpurniam
1534 559 1682 599 factum

401 629 605 670 videretur
626 629 705 684 (1);
739 631 801 670 nti
821 643 1004 683 quoque,
1029 632 1063 670 si
1089 630 1388 683 gladiatoribus,
1419 632 1585 683 aliisque
1608 645 1683 671 sor·

400 703 506 743 didis
526 703 754 743 hominibus
774 703 884 743 locus
905 704 950 743 in
970 704 1193 756 spectaculo
1212 703 1418 744 distinctus
1433 703 1597 743 daretur
1605 704 1682 756 (2);

400 776 435 814 si
465 789 563 815 -vero
596 776 828 827 tribulibus,
861 776 912 816 ab
941 776 1076 816 amicis
1103 776 1293 817 darentur
1299 807 1312 828 ‚
1342 776 1486 816 honori
1515 775 1682 816 duceba-

400 853 468 888 tur
500 846 572 901 (3).
637 848 803 888 Gravior
836 854 921 888 erat
952 861 1165 888 munerum
1200 849 1260 903 (4)
1296 855 1337 889 et
1373 849 1686 902 spectaculorum

399 912 629 972 praebitio?
645 920 838 961 Aedilitas
869 934 918 962 eo
945 921 1031 974 ipso
1059 935 1100 961 se
1133 922 1455 972 commendabat,
1486 935 1614 974 qumn
1639 935 1687 961 ea

400 995 528 1034 multa
565 999 606 1033 et
639 994 847 1046 magnifica
887 994 1078 1034 darentur
1085 1011 1097 1046 ;
1137 995 1237 1034 adeo
1276 1001 1321 1034 nt
1356 995 1536 1047 quamvis
1561 994 1689 1033 trinos

405 1068 684 1108 ludosfecerit
712 1081 836 1108 acmo
863 1066 1036 1119 Aedilis,
1061 1074 1195 1107 tamen
1221 1082 1367 1109 lumem
1393 1068 1500 1107 ludis
1521 1081 1688 1107 commo—

405 1145 582 1188 τωρωι-ς
622 1144 663 1176 at
689 1138 890 1189 petitionis
911 1144 1089 1189 tempore
1108 1138 1319 1178 honestum
1340 1151 1422 1178 non
1447 1138 1666 1178 habebatur
1680 1169 1692 1188 ,

402 1211 452 1250 iis
485 1210 645 1263 plebem
680 1209 733 1249 ad
763 1222 852 1250 suas
884 1214 1014 1261 partes
1045 1209 1220 1260 trahere5
1261 1211 1361 1249 adeo
1392 1217 1458 1261 ut,
1490 1216 1691 1250 crescente

400 1296 542 1324 eorum
568 1296 672 1332 usu,
709 1282 815 1334 Lege
847 1281 998 1332 Tullia,
1035 1295 1205 1322 amous
1237 1281 1348 1321 Cons.
1383 1282 1485 1332 lata,
1523 1283 1691 1321 vetitum

400 1356 542 1396 fuerit:
576 1355 770 1394 »biennio
799 1368 881 1406 quo
908 1355 998 1406 quis
1024 1360 1148 1406 petat,
1177 1355 1422 1413 petiturusve
1449 1356 1518 1404 sit,
1543 1355 1689 1406 gladia-

404 1434 508 1468 tores
528 1427 648 1468 dare'’
671 1425 750 1480 (5);
779 1431 820 1465 et
841 1431 974 1466 tamen
994 1409 1177 1479 populaii
1198 1427 1418 1478 voluntate,
1444 1427 1690 1480 impudentia

402 1506 525 1552 atque
541 1500 678 1551 legum
695 1505 925 1551 contemptu
947 1500 1092 1539 ductus
1112 1513 1277 1540 vamum
1300 1501 1423 1554 ipsam
1446 1501 1690 1551 neglexerat:

400 1573 482 1611 imo
503 1572 587 1624 ipse
609 1584 752 1622 meno,
778 1584 976 1611 maman
994 1558 1229 1621 defendens,
1254 1577 1397 1613 cuncta
1420 1572 1490 1612 illa
1513 1578 1688 1612 excusat:

400 1647 581 1697 „quare”
622 1644 677 1684 ait
710 1657 816 1683 »nec
858 1644 968 1683 Plebi
1004 1642 1051 1683 R.
1087 1643 1284 1696 eripiendi
1313 1644 1467 1683 fructus
1500 1645 1563 1683 isti
1595 1650 1687 1684 sunt

398 1707 608 1767 ludorum,
634 1715 912 1767 gladiatorum,
936 1716 1227 1766 conviviorum,
1252 1729 1357 1767 quae
1373 1717 1506 1756 omnia
1522 1716 1688 1756 maiores

400 1789 524 1829 nostri
551 1793 894 1841 comparaverunt5
931 1801 1006 1828 nec
1028 1788 1245 1829 candidatis
1271 1788 1344 1829 ista
1365 1789 1585 1840 benignitas
1606 1788 1686 1828 adi-

400 1862 547 1901 menda
586 1867 665 1910 est,
703 1874 806 1913 quae
847 1862 1125 1900 liberalitatem
1162 1859 1286 1913 magis
1322 1860 1529 1912 significat,
1568 1874 1687 1914 quam

400 1934 676 1987 largitionem’'
706 1932 782 1989 (6);
819 1939 860 1974 et
886 1934 966 1974 alio
992 1934 1097 1975 loeo:
1131 1950 1151 1973 n
1164 1935 1297 1974 omnia
1327 1933 1426 1973 haec
1450 1939 1540 1973 sunt
1562 1932 1687 1973 officia

401 2007 732 2055 necessariorum,
767 2006 975 2047 commoda
1007 2007 1257 2056 tenuiorum,
1293 2007 1433 2046 munia
1463 2005 1687 2047 candidate-

397 2081 514 2120 rum„
536 2077 609 2134 (7).

443 2252 500 2298 (1)
525 2253 591 2288 Pr.
618 2252 715 2286 Mur.
742 2250 801 2285 32.
828 2249 885 2285 87.
980 2247 1035 2295 (2)
1059 2247 1149 2283 Ibid.
1243 2246 1300 2293 (3)
1325 2247 1414 2282 Ibid.
1440 2247 1496 2282 34.
1523 2248 1579 2283 71.
1627 2248 1684 2284 cf.

398 2307 534 2343 Comm.
564 2309 601 2342 in
629 2307 750 2342 Paul.
779 2306 900 2340 Diac.
928 2311 1076 2350 excerpt.
1100 2303 1140 2337 T.
1158 2303 1204 2337 11.
1225 2315 1261 2349 p.
1281 2304 1360 2338 477.
1455 2304 1509 2349 (4)
1535 2304 1585 2338 De
1604 2315 1685 2340 voce

396 2372 525 2395 munus
552 2369 586 2396 et
610 2362 765 2395 munium
802 2359 848 2393 cf.
876 2359 1016 2392 Varro
1043 2358 1083 2391 de
1109 2358 1195 2400 ling.
1225 2358 1287 2391 zat.
1315 2370 1351 2404 p.
1370 2358 1450 2392 143.
1490 2357 1683 2405 Spanh.‚

397 2415 521 2450 Paul.
545 2414 729 2451 mazou.
758 2410 799 2449 Τ.
818 2412 862 2448 11.
881 2424 919 2460 p.
937 2412 1005 2456 9⁶7,
1038 2411 1205 2447 Isidor-
1224 2411 1284 2447 VI.
1303 2414 1337 2448 5.
1358 2413 1426 2457 2⁷,
1463 2413 1682 2457 Creator,

397 2473 523 2517 Ani-iq.
550 2471 655 2506 Rom.
684 2483 724 2517 p.
747 2469 827 2504 882.
919 2467 976 2513 (5)
998 2468 1047 2502 Iu
1078 2467 1200 2501 Γαίῃ.
1225 2466 1284 2502 15.
1311 2468 1367 2502 8⁷.
1463 2467 1518 2514 (6)
1543 2468 1601 2502 86.
1628 2467 1684 2502 77.

403 2527 490 2563 Add.
510 2527 566 2563 18.
586 2527 656 2570 3⁷,
678 2526 737 2562 19.
759 2525 816 2560 ⁸8.
910 2523 965 2568 (7)
989 2522 1079 2558 Ibid-
1097 2523 1155 2558 85.
1172 2522 1231 2557 73.
