1857 3147
947 144 995 181 54

329 278 544 328 beneficiis,
569 278 694 327 iisque
709 260 956 326 summopere
983 273 1192 314 efferendis
1262 305 1270 314 .
1302 275 1422 334 ,Tum
1445 276 1608 327 collegia

330 350 483 401 omnia,
510 355 590 388 tam
612 346 798 399 opificum
820 359 940 400 quam
955 346 1156 399 religiosa,
1174 360 1228 388 au
1263 346 1541 399 negociationis
1551 362 1607 388 so·

332 424 529 471 dalitates3
550 421 594 459 in
609 420 755 471 quibus
765 421 914 458 multae
925 424 1054 468 crant,
1069 433 1173 471 quae
1186 424 1272 458 tum
1284 421 1408 471 ipsae,
1423 413 1608 471 tumpro-

330 490 420 548 pter
435 507 516 543 eos,
543 494 615 546 qui
636 493 715 531 illis
734 492 967 542 intererant,
1032 492 1278 532 atiosissimae
1296 498 1408 533 erant
1425 492 1476 532 ad
1487 493 1607 532 ambi-

331 568 477 607 tionem
500 565 571 621 (2).
626 566 720 617 Pagi
742 577 904 618 quoque
926 571 967 604 et
988 564 1096 604 urbis
1117 564 1338 604 vicinitates
1357 566 1522 606 minime
1545 579 1611 606 ne-

331 640 511 694 gligendi
527 639 605 695 (3),
626 645 709 679 tam
728 642 888 692 propter
907 638 1048 679 urbem
1071 638 1212 690 ipsam,
1235 637 1416 677 in—cuius
1430 638 1613 679 tribubus

333 713 522 765 suffragia
549 712 747 761 ferebant,
784 724 905 763 quam
928 711 1024 763 quia
1043 711 1223 763 proxime
1244 716 1335 749 sunt
1361 711 1516 750 rusticis
1536 711 1615 750 illis
1667 707 1672 713 ⁸

331 786 522 825 centuriis
543 789 583 822 et
604 783 848 835 municipiis:
879 796 972 822 nam
994 783 1154 823 nullum
1174 797 1306 836 neque
1326 784 1589 837 municipium
1603 816 1615 836 ‚

329 871 461 909 neque
483 856 659 905 colonia,
686 868 818 907 neque
837 855 1088 906 praefectura
1109 855 1247 895 Italiae
1266 856 1352 896 sine
1373 857 1508 909 aliquo
1531 871 1613 897 esse

329 930 449 968 debet
470 930 514 967 in
542 920 740 980 'petitione
770 927 1028 966 firmamento,
1081 927 1229 967 Rursus
1250 940 1323 980 per
1344 929 1543 981 principes
1564 942 1613 969 ex

326 1003 376 1041 iis
396 1003 519 1051 viros,
543 1007 584 1040 et
605 1002 650 1040 in
673 1000 753 1039 suis
774 999 1042 1040 vicinitatibus
1061 1005 1101 1039 et
1118 999 1347 1052 municipiis
1360 1002 1545 1053 gratiosos
1555 1000 1614 1055 (4)

330 1075 430 1115 haec
447 1088 509 1114 res
527 1079 683 1125 agetur3
712 1073 783 1124 qui
805 1073 910 1112 hanc
931 1072 1134 1124 dignitatis
1155 1079 1195 1112 et
1211 1074 1360 1126 gratiae
1380 1076 1532 1127 copiam
1554 1076 1613 1114 lu·

330 1149 467 1186 bentes
486 1146 529 1184 in
554 1144 724 1184 alicuius
740 1145 920 1197 petitoris
941 1157 1100 1183 causam
1119 1145 1312 1185 adhibent
1331 1146 1402 1200 (5).
1455 1148 1522 1186 Illi
1545 1161 1611 1187 au·

328 1215 407 1258 tem
436 1219 616 1266 homines
644 1217 905 1268 municipales
927 1222 968 1256 et
989 1217 1179 1256 rusticani
1204 1223 1246 1256 et
1266 1218 1385 1257 facile
1406 1232 1447 1260 se
1469 1221 1613 1260 amicos

328 1304 410 1332 csse
426 1290 688 1340 arbitrantur,
714 1294 755 1329 et
771 1282 803 1328 si
821 1288 922 1342 quid
938 1288 1126 1341 praesidii
1144 1303 1185 1330 se
1200 1290 1438 1332 constituere
1453 1297 1611 1345 putant,

327 1379 408 1405 non
431 1365 622 1403 omittunt
643 1362 899 1413 promerendi
928 1362 1186 1401 occasionem:
1222 1369 1315 1402 sunt
1340 1364 1385 1403 hi
1415 1365 1539 1416 igitur
1562 1380 1610 1405 ex

329 1438 438 1477 omni
459 1436 622 1488 regione
644 1424 928 1486 investigandi,
962 1434 1174 1486 appetendi
1195 1441 1237 1475 et
1259 1436 1534 1487 confirmandi,
1568 1445 1614 1478 ut

330 1511 372 1547 in
404 1510 485 1548 suis
519 1507 788 1547 vicinitatibus
822 1507 896 1557 ipsi
922 1507 1090 1557 petentis
1123 1519 1239 1547 causa
1271 1509 1383 1558 quasi
1414 1510 1615 1550 candidati

328 1582 406 1620 sint
425 1579 496 1634 (6).

318 1656 322 1663 ⁴
382 1653 484 1691 Eece
517 1651 663 1690 amicos
698 1651 847 1699 varios,
881 1663 1053 1701 quorum
1084 1650 1202 1701 opera
1213 1680 1226 1700 ‚
1251 1651 1413 1690 honeste
1436 1656 1616 1704 quamvis

333 1727 413 1765 iam
447 1724 655 1774 adulanter
691 1722 857 1762 excitata
869 1753 881 1772 ,
920 1722 1190 1768 centuriarum
1224 1723 1397 1775 ipsarum
1432 1726 1616 1781 suffragia

333 1803 447 1837 erant
466 1795 740 1848 comparanda.
797 1794 874 1834 Sed
893 1795 971 1834 alia
993 1808 1154 1848 quoque
1177 1803 1289 1836 erant
1311 1799 1445 1838 cuncti
1467 1800 1616 1840 ordinis

332 1871 567 1918 amicorum,
595 1868 977 1909 adolescentulorum
1000 1869 1247 1920 praesertim,
1277 1871 1321 1909 in
1337 1878 1537 1922 petentem
1562 1876 1616 1913 of-

336 1944 442 1993 ficia,
477 1954 582 1994 quac
612 1954 694 1980 uno
716 1941 978 1980 assectationis
1000 1941 1122 1980 verbo
1142 1942 1554 1994 comprehenduntur,
1581 1953 1620 1985 et

336 2017 451 2055 cuius
470 2020 515 2053 ut
536 2019 615 2052 tres
636 2018 753 2052 erant.
768 2013 935 2064 species,
961 2013 1017 2051 sic
1039 2012 1217 2052 diversae
1238 2014 1484 2066 singulorum
1506 2015 1549 2056 in
1572 2019 1619 2057 iis
1650 2020 1654 2025 '

335 2094 448 2128 erant
469 2093 600 2139 partes
617 2084 689 2140 (7).
742 2085 891 2125 Primae
917 2091 1040 2137 agunt
1071 2086 1313 2140 salutatores;
1349 2101 1518 2140 quorum
1549 2092 1619 2130 alii

335 2164 379 2202 in
400 2162 537 2201 forum*
553 2159 621 2199 vel
640 2171 826 2212 campum
851 2159 1105 2199 descendenti
1127 2161 1284 2200 obviam
1307 2161 1417 2201 ibant
1429 2161 1513 2217 -(8)‚
1549 2166 1617 2204 alii

339 2236 501 2276 domum
526 2233 692 2273 veniunt
702 2231 776 2286 (9):
805 2231 850 2272 hi
869 2237 1000 2272 autem
1019 2238 1132 2273 erant
1153 2235 1277 2285 magis
1298 2235 1478 2286 vulgares
1498 2244 1616 2278 secta-

392 2421 447 2466 (1)
476 2418 530 2453 De
548 2420 620 2453 ree.
644 2419 665 2462 5
686 2418 742 2452 29.
815 2415 871 2461 (2)
896 2416 984 2451 lbid.
1007 2417 1028 2459 5
1048 2417 1221 2460 3‚19‚30.
1293 2419 1348 2464 (3)
1374 2420 1429 2454 De
1449 2423 1522 2456 Ρει.
1534 2422 1621 2464 530.

345 2477 398 2521 (4)
432 2475 524 2510 usui.
554 2474 576 2518 5
603 2474 659 2507 24.
754 2471 809 2516 (5)
837 2472 897 2505 Pr.
916 2472 1012 2505 Mur.
1038 2472 1097 2505 23.
1117 2473 1171 2507 4⁷.
1265 2474 1319 2519 (e)
1355 2475 1409 2508 De
1428 2478 1500 2508 Pet.
1524 2476 1544 2518 5
1564 2477 1623 2510 31:

348 2531 402 2575 (7)
426 2529 516 2564 md.
539 2528 695 2572 §33‚⁵‹1-
768 2525 822 2570 (8)
852 2526 911 2559 Pr.
923 2526 1017 2560 Mur.
1029 2526 1086 2559 33.
1106 2526 1164 2570 68,
1177 2538 1226 2571 sq.
1300 2528 1353 2572 (ει)
1381 2529 1434 2562 De
1447 2531 1516 2563 1²01.
1537 2530 1624 2572 535.
