1857 3147
870 110 932 149 153

262 248 345 295 stis,
381 245 430 286 ad
454 258 590 306 eorum
614 245 792 328 (ἱςίἰιιθω
815 246 944 286 aditus
965 249 1116 297 pateret
1140 243 1348 284 candidato
1355 260 1366 294 5
1394 257 1442 283 eo
1461 257 1536 284 ma-

260 319 337 370 gis,
374 319 405 357 si
439 318 759 370 competitoribus
793 324 933 358 natura
954 318 1030 356 hac
1065 316 1108 354 in
1140 330 1183 356 re
1217 316 1341 368 magis
1363 315 1533 355 faverat:

258 397 368 430 erant
390 392 497 430 enim
521 392 585 430 vel
608 392 759 440 invidi,
786 392 851 430 vel
866 391 938 442 qui
959 389 1123 440 nimiam
1140 389 1361 429 innocentis
1371 395 1410 428 et
1422 390 1535 440 probi

258 463 334 501 viri
356 462 627 502 auctoritatem
649 463 852 513 timerent,
879 461 944 500 vel
966 460 1100 514 aliqua
1122 462 1409 501 necessitudine
1430 473 1533 501 com-

257 534 488 586 petitoribus
518 536 645 575 iuncti
667 535 737 590 (1).
791 535 843 574 At
869 547 917 573 eo
938 534 1062 585 magis
1081 535 1190 575 omni
1212 540 1296 575 arte
1315 540 1434 587 atque
1455 548 1534 574 am-

255 607 405 648 bitione
428 622 566 649 eorum
589 608 821 661 suffragium
839 612 924 646 erat
946 606 1250 659 efflagitandum.

252 713 255 717 ,
307 681 494 733 Equitum
536 687 669 720 autem
711 680 916 720 centuriae
958 680 1161 731 alitpianto
1196 680 1351 720 facilius
1386 682 1538 732 acquiri

253 758 454 803 poterant,
498 754 548 793 ab
592 767 640 793 eo
673 753 925 805 praesertim,
959 753 1031 804 qui
1062 766 1112 792 ex
1140 753 1313 803 ipsorum
1345 759 1442 792 esset
1477 767 1536 793 or-

255 825 368 865 dine:
397 838 524 878 quum
547 826 655 865 enim
677 839 845 866 numero
867 829 947 865 no'n
972 825 1087 865 valde
1109 825 1227 865 multi
1248 830 1395 876 essent,
1419 824 1537 865 facile

253 904 432 948 poterant
455 899 653 950 cognosci,
676 905 715 938 et
736 912 863 950 quum
886 897 1148 938 adolescentes
1166 899 1397 949 praesertim
1419 911 1535 937 suum

252 970 296 1009 in
333 969 582 1021 suffragendo
615 969 792 1009 studium
825 973 1037 1022 ponerent,
1074 970 1174 1009 haec
1206 970 1289 1021 ipsa
1322 975 1448 1020 aetas,
1483 970 1536 1010 ad
1573 1002 1575 1004 .

253 1043 468 1082 amicitiam
495 1044 670 1093 pronior
680 1073 693 1093 ,
740 1042 983 1082 comedim
1022 1042 1073 1082 ad
1106 1042 1370 1093 suscipiendas
1403 1043 1533 1082 candi·
1570 1036 1584 1055 ²
1613 1032 1615 1034 ,

250 1116 331 1156 dati
370 1119 499 1169 partes
540 1114 882 1167 commovebatur5
923 1113 1041 1154 modo
1078 1126 1159 1153 non
1198 1113 1348 1153 ordinis
1380 1119 1534 1157 tantum

251 1189 474 1237 voluntate,
511 1188 580 1226 sed
613 1188 882 1238 singulorum,
921 1187 1224 1238 municipalium
1253 1186 1312 1240 (2)
1346 1201 1532 1240 quoque,

248 1260 450 1310 amicitiis,
481 1260 624 1300 harum
659 1260 930 1299 centuriarum
965 1259 1206 1299 voluntatem
1228 1260 1532 1311 acquirendam,

249 1339 288 1371 et
324 1332 555 1383 petitionem
576 1331 769 1370 nitentem
791 1331 949 1369 duxerit
967 1329 1038 1384 (3).
1090 1331 1288 1379 Quantum
1311 1337 1442 1371 autem
1463 1332 1531 1371 ho-

247 1419 338 1444 rum
360 1404 542 1456 equitum
566 1405 764 1454 voluntas,
789 1404 1019 1456 praesertim
1041 1404 1345 1455 publicanorum
1364 1404 1442 1458 (4),
1471 1419 1531 1444 va-

248 1476 390 1525 luerit,
417 1481 504 1514 tum
525 1476 576 1515 ob
597 1476 841 1515 honestatem
856 1470 1033 1525 brdinis,
1054 1482 1139 1515 tum
1151 1481 1253 1515 ⁴vero
1270 1477 1322 1515 ob
1339 1477 1531 1516 centuria-

248 1561 339 1587 rum
361 1548 463 1597 vim,
486 1547 695 1587 obscurum
720 1561 801 1597 esse
823 1561 905 1586 non
925 1553 1066 1600 potest:
1091 1553 1130 1586 et
1150 1547 1244 1586 inde
1263 1548 1382 1587 etiam
1401 1553 1529 1599 patet,

249 1620 357 1672 quod
392 1620 436 1659 in
467 1620 686 1674 accusando
718 1634 886 1660 nummu
897 1651 909 1671 ,
944 1635 1019 1660 sm.
1051 1634 1227 1660 summus
1250 1620 1301 1660 de
1324 1621 1386 1659 his
1409 1622 1530 1661 unice

249 1694 375 1745 egerit
386 1711 397 1746 3
427 1694 494 1733 cui
515 1693 706 1746 singulari
729 1693 816 1734 loco
838 1692 1037 1745 respondit
1058 1707 1184 1734 menno
1204 1691 1275 1746 (5).

300 1767 351 1805 At
374 1767 619 1818 reliquarum
641 1779 801 1819 quoque
823 1767 1093 1806 centuriarum
1119 1766 1231 1806 favor
1261 1772 1344 1806 erat
1375 1772 1529 1819 captan-

252 1840 343 1889 dus,
370 1845 450 1879 tam
474 1840 714 1879 urbanarum
736 1852 855 1891 quam
877 1839 1122 1896 rusticarum.
1178 1839 1325 1878 Harum
1352 1840 1530 1879 omnium

250 1918 384 1952 autem
417 1911 592 1952 studium
626 1912 854 1964 praesertim
883 1911 1079 1964 pendebat
1113 1912 1162 1950 ab
1185 1912 1359 1951 amicitia
1389 1926 1529 1952 eorum

249 1985 526 2036 comparanda,
553 1985 623 2036 qui
643 1985 687 2022 in
707 1985 787 2023 illis
805 1990 918 2024 erant
939 1985 1108 2035 gratiosi.
1162 1984 1211 2022 Ut
1229 1990 1342 2024 erant
1365 1985 1408 2023 in
1428 1984 1527 2024 urbe

249 2056 379 2094 multi*
400 2057 579 2096 homines
610 2056 811 2106 industrii,
850 2056 970 2096 multi
1003 2056 1181 2096 libertini
1216 2057 1335 2095 etiam
1369 2057 1414 2094 in
1444 2056 1529 2096 foro

248 2128 425 2178 gratiosi:
464 2129 510 2167 hi
541 2129 657 2169 valde
691 2134 804 2169 erant
832 2129 1043 2181 appetendi
1073 2135 1114 2168 et
1144 2128 1344 2168 alliciendi
1375 2133 1454 2167 tam
1478 2128 1529 2167 ab

249 2201 331 2252 ipso
366 2202 575 2243 candidato
593 2216 727 2255 quam
762 2202 812 2242 ab
844 2202 928 2243 eius
959 2201 1095 2241 amicis
1102 2218 1113 2252 ;
1152 2200 1358 2242 laudandis
1386 2214 1526 2241 eorum

294 2386 347 2432 (1)
372 2386 461 2420 Ibid.
482 2387 552 2430 §²‚
565 2389 669 2430 s‚1s.
741 2387 796 2433 (2)
823 2386 1128 2422 Pr.1>1anc.s.22.
1199 2386 1255 2433 (3)
1282 2387 1418 2421 neret.
1431 2386 1454 2430 5
1470 2387 1530 2422 33.

248 2441 301 2528 (Ξῖ)
327 2443 387 2531 ἕλ’.
418 2443 535 2476 Plane.
565 2443 597 2477 9.
626 2444 669 2477 23
684 2467 694 2486 ‚
720 2455 795 2488 sq.,
826 2455 862 2487 p.
884 2443 907 2477 l.
928 2443 1053 2511 Manil-
1073 2440 1173 2477 '7-17.
1268 2441 1323 2488 (5)
1349 2444 1409 2476 Pr.
1429 2443 1524 2477 Mur.
