1857 3147
943 139 993 177 36

318 279 444 314 torem
489 286 625 320 suum,
671 258 884 311 defendere
928 273 1138 322 cogitavit,
1175 277 1219 310 ut
1258 272 1479 312 ahsolutum
1514 286 1600 312 cou-

321 348 555 387 iunctiorem
588 344 662 383 sibi
692 343 877 384 redderet
907 343 950 381 in
985 345 1175 395 petitione
1195 344 1276 398 (l);
1313 344 1423 396 quod
1446 351 1600 396 tamen,

322 427 366 460 ut
403 419 564 472 quidem
599 431 747 458 Asconio
779 416 956 466 videtur,
992 431 1073 457 non
1106 418 1274 471 perfecit
1294 416 1377 472 (2),
1403 426 1602 471 comperta

319 494 419 532 sorte
437 491 518 531 iam
535 495 623 530 tum
637 490 760 542 ipsius
775 490 997 542 turpissima
1014 475 1109 531 curu
1120 505 1274 532 sur-omo
1285 492 1472 542 coitione,
1482 504 1603 544 quam

317 564 410 603 dein
443 563 667 616 opprimere
688 567 859 607 conatus
869 574 882 612 3
920 563 963 601 in
990 575 1057 602 eos
1077 577 1326 616 summopere
1346 565 1525 604 invectus
1545 570 1602 604 est

314 639 357 676 in
379 637 526 677 Senatu
538 667 550 686 ‚
575 648 722 688 paucos
743 639 834 675 ante
856 635 1107 675 comitiorum
1128 635 1213 675 dies
1234 634 1305 689 (3).

372 704 485 749 Certe
508 709 652 748 talibus
673 708 996 760 competitoribus
1017 714 1057 748 et
1084 705 1165 749 tam
1184 708 1338 747 diversa
1359 709 1522 760 petendi
1542 724 1617 750 ra·-

317 783 441 832 tione',
468 783 554 823 sine
572 782 697 823 dubio
712 781 855 822 melior
872 780 951 821 tuit
967 795 1088 822 mco
1105 781 1264 822 fortuna
1282 792 1402 835 quam
1424 772 1456 823 c.
1476 797 1604 824 mmo

315 870 431 896 cuno
453 854 534 910 (4),
570 856 642 908 qui
668 868 763 894 cum
785 855 940 894 duobus
961 855 1192 894 hominibus
1218 856 1398 906 petebat,
1432 868 1603 907 quorum

316 930 498 978 virtutes,
524 943 671 971 stu-mm
700 935 740 968 et
762 943 952 970 mmmm
972 929 1086 987 vitiis>
1101 929 1219 980 plane
1240 930 1459 981 oppositae,
1481 943 1604 981 quam

314 1003 488 1042 maxime
501 1002 751 1055 eminebant.
789 1002 853 1047 ¹Et
876 1007 1010 1041 tamen
1032 989 1100 1041 bic
1111 1031 1122 1051 ,
1148 1002 1433 1059 quamvisnon
1454 1002 1602 1042 medio-

315 1077 448 1116 cribus
470 1076 692 1114 inimicitiis
721 1087 768 1116 ac
798 1075 997 1114 laboribus
1020 1075 1269 1114 contenderit
1294 1081 1340 1115 ut
1362 1074 1414 1114 ad
1432 1087 1603 1115 summos

311 1150 481 1188 honores
508 1147 736 1199 perveniret
757 1144 817 1199 (5)
828 1176 840 1195 ‚
879 1147 1080 1198 superavit
1104 1152 1143 1186 et
1175 1161 1255 1187 una
1278 1160 1373 1187 cum
1395 1162 1430 1187 1..
1451 1161 1602 1188 nomm

309 1235 343 1260 a.
370 1220 520 1261 11:660
554 1220 682 1259 sactus
715 1225 773 1258 est
804 1218 959 1258 Consul.
1015 1219 1214 1257 Nimirum
1242 1220 1282 1258 ei
1311 1220 1409 1271 ipsi,
1447 1220 1603 1258 homini

308 1305 446 1344 novos
460 1291 625 1332 dicendi
652 1292 759 1342 laus,
785 1291 996 1332 mediocris
1017 1291 1204 1344 quidem,
1228 1292 1298 1332 sed
1319 1306 1393 1345 pro
1414 1293 1535 1346 ipsius
1556 1294 1601 1333 in

308 1367 406 1418 Rep.
428 1366 624 1417 dignitate
645 1364 737 1404 satis
757 1366 989 1417 conspicua,
1016 1364 1068 1404 ad
1090 1365 1258 1407 honores
1280 1365 1435 1405 aditum
1454 1366 1599 1418 patefe-

244 1443 251 1452 ‘
307 1439 363 1479 cit
374 1437 446 1492 (6).
500 1438 588 1477 Non
604 1438 754 1477 mirum
770 1437 911 1489 iffl'tur,
936 1451 1134 1477 amem
1149 1426 1326 1489 quoque,
1347 1438 1601 1478 Consulatum

306 1516 527 1563 petentem,
553 1511 659 1549 hanc
679 1510 876 1560 insignem
896 1518 1017 1561 quam
1040 1515 1239 1549 assecutus
1259 1515 1362 1559 erat,
1389 1511 1599 1550 oratoriam

302 1583 486 1633 laudem,
513 1595 764 1636 summopere
786 1582 993 1622 adiuvisse.
1047 1582 1151 1624 Haec
1167 1582 1276 1622 enim
1293 1583 1514 1636 plurimum
1530 1585 1599 1625 ha-

304 1659 371 1697 bet
397 1656 600 1708 dignitatis
617 1654 697 1710 (7),
735 1672 755 1693 »
768 1656 846 1695 hac
876 1661 918 1695 et
949 1661 1137 1695 tenentur
1169 1656 1317 1696 Romae
1348 1657 1530 1696 homines
1560 1664 1601 1696 et

304 1729 557 1778 alliciuntur,
577 1734 620 1768 et
631 1728 681 1767 ab
693 1726 950 1780 impediendo
966 1740 1013 1767 ac
1032 1727 1229 1767 laedendo
1244 1728 1520 1780 repelluntur'’
1527 1728 1599 1783 (8).

304 1804 442 1854 Neque
464 1802 514 1840 ab
538 1814 586 1840 ea
607 1801 728 1845 laude
751 1806 928 1850 tantum,
966 1799 1035 1838 sed
1058 1800 1143 1840 ab
1130 1801 1239 1852 ipsis
1244 1813 1420 1853 quoque.
1428 1801 1600 1842 defensis

301 1875 473 1927 dignitas
503 1880 623 1926 atque
657 1873 877 1915 auctoritas
900 1873 944 1912 in
979 1872 1193 1915 dicentem.-
1210 1873 1455 1914 redundant:
1488 1888 1600 1914 »non

302 1953 446 2000 potest,
464 1947 537 1999 qui
555 1946 700 1998 dignus
716 1946 888 1986 habetur
904 1950 1094 1997 patronus
1106 1945 1393 1995 consularium,
1411 1945 1601 2003 indignus

302 2021 508 2061 consulatu
529 2021 687 2072 putari''
708 2018 779 2074 (9).
835 2019 915 2059 Hoc
945 2018 1076 2071 ipsum
1099 2024 1234 2059 autem
1254 2022 1422 2075 'amon
1445 2019 1598 2072 saepius

288 2093 518 2150 ⁹acciderat:
547 2091 771 2132 Praetorem
795 2106 973 2132 roursnm
992 2091 1143 2131 Aedilis
1161 2091 1395 2132 defenderat
1402 2108 1414 2143 ;
1443 2092 1597 2134 dixerat

297 2180 371 2219 pro
386 2179 539 2206 essem
547 2195 559 2215 ,
573 2166 682 2205 claro
694 2165 858 2204 homine
875 2178 921 2204 ac
933 2165 1026 2204 forti
1043 2165 1131 2204 viro
1141 2163 1244 2217 (10);
1265 2164 1424 2205 Praetor
1439 2179 1597 2206 musmo

1183 2253 1211 2279 n

347 2315 400 2359 (1)
427 2316 488 2349 Aa
513 2316 591 2349 ΑΗ.
612 2314 641 2348 Ι.
661 2314 696 2347 2.
792 2314 847 2358 (2)
874 2313 927 2347 Ad
954 2325 1004 2347 or.
1025 2315 1063 2346 in
1088 2313 1132 2346 T.
1156 2313 1193 2346 G.
1212 2324 1248 2358 p.
1267 2313 1323 2347 86.
1417 2313 1473 2358 (3)
1500 2313 1596 2348 Asc.

297 2370 386 2404 ibid.
406 2381 442 2414 p.
461 2370 518 2403 83.
590 2369 644 2413 (4)
672 2368 825 2414 Quocum
844 2360 955 2402 fratris
972 2375 1125 2413 tempora
1142 2374 1311 2413 comparat
1321 2367 1361 2413 Q.
1373 2368 1498 2402 dePet.
1508 2367 1597 2411 §11.

298 2426 355 2471 (5)
384 2424 488 2459 Verr.
506 2424 550 2458 V.
567 2425 623 2458 70.
643 2424 707 2459 181
724 2446 736 2466 ,
756 2435 796 2467 p.
816 2423 913 2457 Mur.
932 2424 967 2457 8.
985 2423 1043 2457 17.
1137 2422 1192 2467 (6)
1219 2423 1274 2456 De
1291 2423 1429 2461 orat.,10
1448 2421 1594 2457 25.11·1.

297 2480 403 2513 Brut·
423 2479 481 2513 45.
500 2478 579 2512 165.
657 2478 712 2522 (7)
739 2477 795 2510 De
813 2478 890 2512 Pet.
912 2479 933 2521 §
951 2478 987 2511 2.
1059 2475 1114 2522 (8)
1139 2478 1228 2512 Ihid.
1249 2478 1271 2521 §
1290 2480 1350 2513 55.
1373 2477 1430 2512 cf.
1449 2477 1595 2520 p-Mur.

299 2535 422 2576 11.24‚
447 2533 744 2578 deoff.11.19.66.
813 2531 867 2576 (9)
890 2533 944 2565 De
956 2533 1031 2566 Pet.
1046 2531 1110 2574 §2-
1182 2532 1259 2578 (10)
1281 2530 1594 2576 Adsum,VI.9.1.
