1857 3147
522 634 525 637 ’
587 674 1075 748 INTRODUCTIO.

332 841 385 872 nn
414 841 638 873 nrls'rous
670 840 951 883 succurro,
986 840 1332 883 nisurum-tous,

595 903 599 905 ’
675 920 984 951 ιΝεοιιιΡι-ιοΝΕ.

737 1100 939 1117 ρος-

303 1256 378 1318 ΔΙ)
411 1275 529 1327 ipsius
559 1274 737 1327 opusculi
770 1280 1001 1325 argumento
1033 1274 1237 1326 exordior3
1263 1288 1343 1327 qua
1365 1276 1408 1314 in
1431 1289 1475 1315 re

198 1361 343 1387 muns-1¹1
369 1353 437 1387 aut
462 1350 626 1395 scuiirzn
649 1346 987 1408 exemplum4ideo
1007 1359 1090 1385 non
1111 1359 1198 1385 sum
1219 1353 1397 1398 secutus,
1424 1361 1476 1386 ne

197 1421 278 1459 iam
311 1433 418 1459 nunc
450 1418 668 1457 inciderem
698 1418 742 1455 in
771 1417 943 1456 minores
969 1430 1034 1457 eas
1066 1418 1354 1470 distinctiones,
1382 1433 1478 1472 quas

200 1491 293 1530 dein
315 1490 453 1530 ordine
474 1490 598 1540 magis
620 1488 768 1527 referre
786 1488 1006 1540 cupiebam.
1098 1480 1102 1484 ⁹

253 1636 301 1674 Μ.
326 1648 451 1674 mmo
471 1634 629 1685 petebat
650 1633 922 1683 Consulatum,
949 1646 1149 1674 summum
1166 1635 1313 1674 Romae
1335 1637 1480 1688 magis—

201 1712 367 1757 tratum,
393 1718 473 1758 quo
488 1705 606 1757 pauci
627 1710 798 1754 tantum,
823 1702 895 1757 qui
913 1704 1139 1746 Praeturam
1161 1712 1380 1757 gesserant,
1408 1707 1481 1746 ad-

187 1777 448 1817 scenderunt.
483 1776 651 1826 Insignis
671 1776 793 1826 igitur
813 1775 1039 1815 adhibenda
1057 1782 1141 1816 erat
1157 1777 1207 1816 ab
1219 1790 1480 1828 unoquoque,

201 1850 270 1890 sed
299 1848 526 1902 praesertim
554 1847 604 1887 ab
625 1847 728 1899 ipso,
754 1847 915 1886 homine
936 1860 1061 1897 novo,
1089 1847 1317 1900 diligentia,
1343 1850 1481 1902 ingens

203 1923 399 1970 studium,
437 1926 483 1959 ut
517 1920 561 1959 id
587 1919 696 1971 quod
724 1919 799 1958 sibi
819 1920 1060 1971 propositum
1082 1920 1274 1970 habebat,
1301 1935 1482 1973 asseque-

202 1999 324 2034 retur.
377 1992 470 2044 Ejus
502 1991 623 2031 frater
653 2004 800 2033 cnmrus
811 2022 823 2041 ,
860 1992 931 2043 qui
963 1997 1002 2030 et
1033 2004 1167 2031 amore
1200 1993 1374 2033 fraterno
1403 1994 1482 2033 du-

203 2072 289 2107 ctus
295 2097 306 2116 ,
333 2071 383 2105 et.
395 2064 520 2117 gentis
539 2063 658 2103 decus
673 2063 931 2116 promovendi
946 2064 1134 2116 cupidine
1154 2066 1356 2116 incitatus,
1375 2081 1482 2107 sum-

203 2152 363 2191 mopere
394 2139 503 2187 hunc
534 2137 646 2176 fratri
676 2137 868 2176 honorem
898 2137 1219 2188 concupiscebat,
1246 2123 1377 2190 deque
1400 2141 1484 2179 eius

204 2211 429 2261 conamine,
462 2209 695 2263 peranxius,
729 2209 813 2249 dies
845 2221 891 2249 ac
924 2214 1057 2250 noctes
1080 2211 1297 2262 cogitabat,
1323 2211 1483 2252 tandem

207 2297 292 2322 suas
313 2283 657 2323 commentationes
676 2283 820 2333 scripto
837 2282 1038 2321 mandavit
1061 2288 1100 2321 et
1120 2282 1233 2321 fratri
1254 2284 1378 2333 misit3
1403 2297 1484 2323 non

209 2355 316 2409 quod
349 2369 495 2397 mcum
524 2355 622 2396 haec
651 2355 738 2407 ipsa·
765 2368 846 2395 non
868 2354 1186 2396 animadvertisse
1206 2355 1389 2406 rebatur,
1417 2357 1486 2397 sed

209 2429 259 2467 de
292 2429 497 2468 commodo
529 2440 753 2480 persuasus,
789 2426 898 2478 quod
927 2428 970 2465 in
1002 2439 1047 2465 re
1079 2432 1161 2465 tam
1192 2427 1344 2467 infinita
1375 2428 1486 2468 daret

209 2506 394 2539 accurata
419 2501 661 2540 diversorum
693 2506 772 2538 tam
794 2499 1057 2559 subsidiorum
1080 2512 1200 2550 quam
1222 2501 1488 2552 impedimen-

210 2579 339 2612 torum
372 2571 600 2625 descriptio,
640 2585 742 2625 quae
772 2572 954 2651 sing-ula
954 2585 1025 2612 suo
1047 2571 1186 2611 ordine
1208 2578 1248 2613 et
1270 2574 1356 2613 loco
1379 2587 1488 2614 com-

211 2650 452 2685 memoraret.

1292 2720 1309 2757 1
