1857 3147
881 123 932 159 39

266 266 340 308 est,
366 270 521 308 causae,
549 258 601 297 ob
624 270 721 309 quas
744 256 942 298 nobilibus
965 267 1103 296 exosus
1126 261 1210 296 erat
1232 269 1271 294 ιι.
1281 285 1293 305 ,
1318 258 1454 308 populi
1478 272 1541 298 vo-

266 333 456 372 luntatem
489 331 529 371 ei
557 330 836 370 oonoiliarunt.
890 329 975 370 Illis
1010 329 1327 380 persuadendum·
1362 336 1465 381 erat,
1505 345 1542 370 se

266 405 429 444 minime
452 417 532 444 esse
555 404 804 456 popularem;
831 403 899 442 hie
916 401 1288 443 strenuovlibertatis
1309 402 1481 453 vindici,
1505 409 1544 442 et

264 479 390 530 plebis
406 477 612 516 commoda
629 477 772 516 aeriter
789 475 1020 516 defendenti
1036 475 1273 515 acclamabat
1283 474 1359 529 (1):
1377 476 1439 514 illi
1456 490 1542 515 ron-

264 563 338 589 rm
365 548 537 588 studioso
556 549 773 600 perniciem
798 547 909 589 taciti
940 536 1211 598 mmmm,
1237 547 1544 598 insidiabantur,

263 633 436 673 eumque
458 622 777 673 exsecrabantur3
810 620 981 673 populus
1002 633 1150 660 murm
1171 620 1372 659 blanditiis
1393 621 1546 660 demul-

264 707 346 745 sus,
386 694 549 734 militari
577 694 705 734 laude
744 693 957 743 excitatus,
991 693 1036 732 in
1075 706 1169 733 eum
1207 706 1343 733 omnes
1378 693 1546 734 honores

262 766 507 817 cumulabat,
542 766 664 819 ipnus
693 777 855 806 causam
883 765 1044 818 publioe
1074 764 1255 816 amplexo
1283 778 1447 804 ermom
1481 765 1546 805 ad-

262 838 426 878 modum
449 839 687 878 adhaerebat
706 837 777 892 (2).
825 839 992 891 Superbi
1018 838 1255 889 imaginibus
1273 844 1313 878 et
1330 838 1547 878 honoribus

262 923 411 951 novum
427 911 934 962 hominem,;municipem,
954 910 1283 962 aspernabantur,
1302 916 1342 949 et
1361 910 1549 959 dedecori

262 983 480 1033 habehant,
507 984 670 1022 <urbana
698 982 934 1030 multi-tudo,
968 982 1148 1033 quamvis
1172 982 1325 1033 saepius
1354 995 1549 1021 novorum
1611 977 1614 980 ⁴

264 1054 358 1094 fuco
387 1054 553 1106 decepta
571 1053 648 1107 (3),
674 1066 828 1105 semper
855 1059 989 1093 tamen
1011 1066 1035 1092 a
1061 1054 1172 1092 novis
1203 1053 1477 1093 auctoritatem
1503 1067 1549 1093 ao

262 1127 471 1178 beneficia,
497 1127 694 1167 nobilium
714 1126 891 1177 sperabat
913 1125 1077 1165 cladem.

312 1200 365 1238 At
381 1201 480 1239 haee
494 1200 626 1238 omnia
641 1205 773 1238 tamen
789 1198 1042 1237 Consulatum
1057 1204 1220 1236 cimon
1233 1210 1314 1236 non
1330 1205 1546 1249 parassent,

262 1272 340 1311 nisi
371 1271 416 1310 id
448 1271 598 1311 factum
639 1275 757 1319 esset,
793 1269 902 1322 quod
935 1283 1028 1309 mox
1058 1269 1375 1310 memorabimus.
1408 1294 1430 1300 —
1458 1272 1548 1311 Fuit

261 1350 370 1384 certe
393 1343 489 1382 dein
507 1354 660 1382 summa
685 1354 866 1381 manneus
888 1341 1054 1392 gloriola
1075 1346 1116 1379 et
1139 1342 1380 1391 arrogantia,
1413 1343 1544 1382 dicen-

262 1417 333 1466 tis,
350 1426 405 1456 'se
418 1415 511 1455 filio
531 1428 602 1455 suo
634 1414 833 1454 honorum
855 1413 984 1454 aditus
1012 1424 1231 1465 numquam
1251 1413 1460 1454 faciliores
1481 1429 1545 1467 op-

262 1493 359 1527 tasse
377 1500 499 1540 quam
517 1487 595 1539 ipsi
610 1486 769 1526 fuerant
780 1485 851 1539 (4).
906 1486 1035 1526 Tantis
1048 1485 1156 1524 enim
1174 1486 1378 1536 praesidiis
1395 1495 1548 1526 summa

259 1560 461 1600 obstabant
478 1558 779 1610 impedimenta:
803 1563 1079 1609 praeterquam
1100 1558 1207 1596 enim
1230 1557 1339 1611 quod
1361 1575 1382 1597 n
1394 1560 1546 1600 fraudis

261 1637 381 1683 atque
412 1631 644 1670 insidiarum
666 1636 707 1668 et
728 1629 916 1681 perfidiae
950 1629 1067 1681 plena
1088 1635 1179 1668 sunt
1213 1631 1368 1670 omnia’'
1392 1631 1469 1685 (5),
1505 1639 1546 1671 et

262 1704 328 1743 vel
346 1704 430 1742 sine
452 1716 568 1743 eausa
591 1716 673 1742 non
696 1708 885 1752 amantes,
911 1702 977 1740 vel
994 1703 1299 1753 competitorum
1328 1705 1445 1743 amici
1451 1735 1479 1757 ,Ι
1500 1711 1544 1744 ut

259 1775 391 1827 ipsum
425 1775 629 1824 fallerent,
664 1775 910 1825 comitatem,
945 1774 1188 1814 voluntatem
1217 1781 1258 1814 et
1279 1775 1546 1818 innocentiam

261 1848 516 1899 simulabant3
556 1852 714 1899 praeter
745 1847 845 1887 haee
877 1847 1028 1897 omnia,
1061 1848 1181 1887 multi
1214 1855 1327 1889 erant
1348 1850 1543 1902 illi-isati,

262 1934 360 1973 quos
383 1925 651 1970 accusaverat,
687 1925 732 1959 ut
753 1933 914 1971 mum
943 1933 1040 1971 quos
1062 1920 1237 1961 ludffirio
1256 1922 1469 1974 habuerat,
1498 1931 1543 1964 ut

262 1999 378 2033 antea
396 2007 670 2043 mrsoeom,
693 1993 789 2032 dein
811 2006 1046 2044 mmmm,
1069 1994 1243 2046 aliosque
1263 1997 1424 2048 mu1t0s;
1446 2011 1543 2050 quos

263 2067 532 2124 defensionem
550 2050 781 2117 denegando
802 2066 983 2115 laeserat,
1017 2072 1063 2105 ut
1085 2081 1274 2107 mmmm
1295 2068 1353 2121 (6)
1358 2086 1370 2119 3
1406 2077 1541 2110 contra

262 2150 373 2191 quos.
389 2151 463 2191 pro
492 2139 619 2178 amieo
652 2125 822 2187 dixerat,
862 2143 908 2177 ut
942 2151 1141 2189 murrum,
1177 2153 1409 2191 orrmucun,
1443 2147 1538 2193 oet.;

262 2211 422 2251 tandem
454 2212 574 2263 ipsius
604 2213 646 2250 in
681 2210 849 2250 dicendo
883 2212 1046 2260 aemuli,
1076 2218 1122 2250 ut
1143 2209 1365 2251 uonrssnsms.
1420 2215 1540 2253 Erant

263 2296 420 2336 quoque
442 2298 523 2323 non
546 2285 679 2337 pauci,
714 2282 784 2336 qui
807 2283 870 2321 vel
893 2282 962 2321 tali
983 2282 1133 2321 homini
1162 2289 1309 2324 tantam
1331 2287 1538 2328 auotorita-

311 2455 364 2500 (1)
388 2454 478 2488 lbid.
508 2453 604 2496 §5⁵³-
700 2455 753 2499 (2)
780 2453 865 2487 lhid.
894 2452 980 2496 55,
1004 2453 1070 2493 14,
1095 2454 1149 2487 51.
1245 2454 1300 2500 (3)
1325 2455 1410 2487 md.
1444 2456 1463 2496 ᾗ
1485 2457 1538 2490 14.

267 2510 320 2555 (4)
348 2512 410 2545 Pr.
430 2509 624 2543 Plane..24.
645 2511 699 2543 59.
795 2509 847 2552 (5)
875 2507 979 2542 nep,
996 2508 1081 2549 §39-
1176 2508 1230 2552 (a)
1259 2510 1318 2542 Ad
1334 2512 1408 2543 An.
1428 2511 1542 2544 1.1.3.
