1857 3147
872 109 922 145 55

256 254 374 295 tores,
409 250 449 283 et
480 255 661 284 memoras
687 248 861 293 tempore
889 254 983 281 cum
1014 240 1146 293 plures
1174 240 1384 297 veniebant
1390 267 1419 292 ,-
1439 249 1524 282 tum

254 317 433 370 pluribus
464 315 667 356 interdum
690 314 1019 374 competitoribus
1057 312 1179 352 iidem
1214 314 1525 366 assectabantur,

255 397 300 429 ut
321 404 442 442 quem
463 390 633 429 maxime
654 389 756 427 haec
776 387 903 427 officia
922 385 1233 427 animadvertere
1255 388 1460 438 viderent,
1485 390 1525 428 ei

252 476 291 503 se
312 462 503 502 dederent
521 460 591 513 (1).
643 460 779 500 Altera
799 465 857 500 est
877 458 1140 500 deductorum
1168 462 1385 512 assentatio,
1419 475 1526 514 quae

251 541 334 586 erat
355 533 641 585 gratiosissima,
666 539 707 573 et
726 530 946 585 plurimum
962 532 1147 573 afferebat
1168 534 1386 585 dignitatis,
1409 549 1521 587 prae·

249 608 382 649 sertim
405 609 437 648 si
458 608 701 661 frequentes,
734 613 775 647 et
806 620 857 646 ex
884 618 1037 645 summo
1063 613 1188 646 essent
1217 608 1260 647 in
1278 608 1438 649 civitate
1460 623 1520 649 or-

247 683 340 722 dine
362 682 420 736 (2)
426 698 436 733 ;
466 687 603 733 atque,
640 692 850 720 causarum
870 685 1082 731 patronum
1105 680 1377 731 candidatum,
1407 683 1525 721 multi

247 757 297 795 ab
318 769 366 795 eo
387 755 539 794 defensi
561 759 601 793 et
624 753 783 793 iudiciis
804 753 963 793 liberati
980 753 1262 792 comitarentur
1271 752 1341 807 (3)
1389 753 1524 794 Fiebat

245 834 376 868 autem
398 829 469 868 illa
484 827 671 868 deductio
684 827 801 867 certis
816 826 1058 879 temporibus
1062 818 1079 876 ,s
1094 832 1135 867 et
1151 826 1297 878 insigni
1312 827 1439 878 gratia
1449 826 1520 880 (4).

246 901 373 939 Tertia
405 906 462 939 est
497 913 652 950 eorum,
677 900 749 951 qui
770 912 865 950 prae
888 899 1029 938 ceteris
1048 890 1253 938 sectatores
1275 899 1342 937 vel
1362 904 1523 938 assecta-

248 980 348 1012 tores
369 973 579 1024 dicuntur,
607 978 770 1023 eratque
793 971 947 1017 assidua
967 971 1093 1022 magis
1111 970 1327 1010 officiositas
1347 970 1526 1011 multitu·

248 1044 370 1094 dinis,
407 1044 637 1096 praesertim
670 1043 897 1084 tenuiorum
928 1042 1157 1083 hominum=
1175 1092 1179 1096 ⁵
1194 1056 1289 1083 nam
1319 1049 1433 1082 erant
1461 1045 1526 1083 vel

249 1119 479 1168 voluntarii,
513 1118 577 1157 vel
600 1116 784 1156 nonnulli
816 1116 889 1167 qui
918 1116 995 1156 hoc
1027 1115 1158 1155 facere
1191 1115 1404 1166 debebant,
1440 1130 1526 1157 mu·

248 1191 409 1229 neribus
429 1196 468 1229 et
490 1190 692 1228 beneficiis
724 1189 922 1239 adiuncti;
957 1189 1200 1228 honestiores
1219 1193 1382 1239 autem,
1405 1195 1527 1242 atque

248 1267 374 1303 aetate
396 1263 477 1302 iam
499 1262 681 1312 maiores,
714 1261 949 1309 necessarios
976 1273 1067 1301 suos
1085 1261 1130 1300 in
1149 1261 1225 1316 hoc
1247 1258 1415 1302 munere
1435 1275 1526 1302 con·

244 1336 457 1374 stituebant
471 1334 541 1388 (5).
595 1336 699 1373 Ilaec
720 1348 777 1385 ως
802 1335 1040 1386 quibuscum
1059 1334 1191 1374 fratris
1208 1336 1329 1375 verba
1350 1342 1432 1376 tam
1453 1338 1525 1377 mi-

244 1408 354 1448 rifice
383 1407 600 1448 concinunt
626 1406 670 1445 in
697 1411 795 1446 orat.
821 1418 895 1458 pro
916 1419 1085 1446 nummu
1107 1404 1184 1460 (6),
1209 1413 1252 1447 ut
1273 1408 1383 1448 hunc
1403 1421 1527 1451 mmm

245 1481 377 1523 locum
400 1479 526 1519 oculis
547 1480 791 1531 propositum
820 1480 1004 1520 habuisse
1039 1480 1231 1521 videatur.
1287 1483 1386 1522 Cum
1418 1484 1527 1523 enim

243 1556 443 1594 accusator
459 1551 634 1601 dixisset,
653 1551 753 1603 quid
768 1564 865 1604 opus
881 1556 980 1591 esset
994 1553 1272 1592 sectatoribus?
1318 1554 1379 1592 »A
1397 1568 1463 1594 me
1480 1561 1526 1595 tu

244 1625 288 1662 id
304 1624 486 1675 quaeris''
503 1624 634 1675 inquit
651 1624 777 1676 »quid
792 1637 889 1676 opus
902 1625 952 1663 sit
967 1638 1015 1664 eo
1029 1638 1110 1676 quo
1124 1638 1278 1676 semper
1291 1626 1351 1665 usi
1364 1630 1523 1667 snmus?

246 1698 430 1738 Homines
460 1703 599 1737 tenues
633 1710 759 1736 unum
787 1697 937 1737 habent
968 1697 1013 1736 in
1043 1703 1221 1737 nostrum
1252 1698 1432 1739 ordinem
1457 1707 1527 1741 aut

244 1771 497 1822 promerendi
518 1776 586 1809 aut
608 1770 808 1809 referendi
826 1770 1010 1810 beneficii
1027 1771 1178 1821 locum,
1203 1772 1308 1811 hanc
1323 1773 1367 1812 in
1387 1774 1528 1813 nostris

244 1844 498 1896 petitionibus
533 1856 694 1895 operam
730 1849 850 1896 atq-ue
882 1843 1184 1883 assectationem.
1248 1846 1386 1898 Neque
1417 1847 1526 1887 enim

244 1918 331 1957 fieri
352 1922 494 1969 potest,
520 1929 652 1969 neque
673 1915 956 1968 postulandum*
973 1922 1030 1955 est
1052 1929 1076 1956 a
1096 1916 1224 1967 nobis,
1251 1923 1321 1957 aut
1340 1919 1392 1958 ab
1412 1921 1525 1972 equi-

244 1990 348 2028 tibus
377 1988 583 2037 Romanis,
622 1994 667 2027 ut
697 2001 786 2028 suos
816 1989 1049 2028 necessarios
1081 1988 1311 2029 candidatos
1334 1999 1525 2031 sectentur

244 2067 342 2100 totos
364 2062 463 2100 dies:
492 2074 515 2100 a
536 2060 680 2113 quibus
701 2057 741 2098 si‘
756 2060 896 2100 domus
926 2066 1057 2100 nostra
1076 2061 1317 2112 celebratur,
1346 2063 1378 2101 si
1401 2063 1518 2102 inter-

245 2133 343 2172 dum
365 2134 416 2173 ad
436 2134 567 2173 forum
589 2133 842 2183 deducimur,
875 2134 908 2172 si
941 2147 1023 2174 uno
1047 2134 1235 2174 basilicae
1254 2135 1378 2185 spatio
1398 2135 1519 2175 hone-

245 2210 410 2257 stamur,
447 2205 660 2259 diligenter
692 2206 888 2246 observari
910 2206 1092 2246 videmur
1112 2212 1153 2245 et
1172 2207 1265 2246 coli:
1293 2208 1521 2247 tenuiorum

247 2284 285 2317 et
307 2292 389 2317 non
410 2285 691 2330 occupatorum
710 2279 925 2336 amicorum
943 2284 999 2318 est
1014 2278 1087 2318 ista
1104 2278 1321 2330 assiduitas,
1348 2293 1521 2332 quorum

290 2446 345 2491 (1)
371 2446 460 2480 md.
538 2446 594 2490 (2)
621 2446 675 2480 De
693 2450 781 2481 orat.
798 2446 826 2480 1.
845 2447 903 2482 se.
922 2446 1014 2489 239,
1038 2447 1084 2480 aa
1103 2447 1179 2481 Aa.
1199 2447 1228 2481 1.
1255 2448 1313 2482 1⁷.
1388 2448 1443 2492 (3)
1469 2449 1524 2482 ve

248 2500 319 2534 ret.
343 2499 436 2543 §38-
531 2500 585 2543 (4)
609 2500 700 2534 md.
731 2501 753 2544 §
772 2502 828 2536 35.
921 2501 976 2545 (5)
1000 2501 1090 2535 md.
1121 2484 1216 2545 539.
1309 2502 1363 2546 (e)
1388 2503 1445 2538 34.
1463 2505 1521 2538 το.
