1857 3147
853 117 902 156 37

230 252 425 294 consulari
441 251 644 291 studuerat
665 253 707 290 in
719 252 917 294 suadenda
927 252 1017 305 lege
1027 233 1183 292 Manilia
1188 268 1200 305 3
1222 253 1342 304 ipsius
1354 267 1505 303 numi,

228 314 330 366 Trib.
342 325 398 365 Pl.
411 325 541 366 suerat
559 331 755 377 patronus.
790 326 954 379 Insuper
969 330 1104 364 autem
1115 338 1248 365 omnes
1258 325 1352 365 illae
1368 338 1506 365 causae

227 399 348 439 firmis
368 399 552 440 amicitiis
572 398 851 439 constituendis
875 411 1008 439 ansam
1025 398 1279 453 praebebant·
1298 413 1374 440 nec
1390 400 1505 453 quid·

227 487 347 526 quam
378 473 502 524 magis
535 463 858 524 consentaneum,
881 484 1004 524 quam
1020 477 1065 511 ut
1087 473 1159 525 qui
1178 474 1330 513 nullis’
1319 474 1505 526 impensis

226 557 328 594 rem,
366 545 552 595 salutem,
589 540 764 596 laudem,
802 546 978 585 fortunas
1012 558 1146 585 omnes
1168 546 1433 597 obtinuerint,
1460 547 1503 585 in

225 617 413 669 petitione
431 618 597 670 gratiam
619 618 831 668 referrent,
858 617 972 656 cuius
993 618 1061 657 vix
1084 618 1164 658 alia
1179 619 1330 669 occasio
1352 619 1501 658 inveni-

225 695 334 729 retur
355 689 425 744 (1).
479 690 719 729 Praesertim
733 695 866 729 autem
888 691 1061 730 multum
1083 691 1223 730 tribuit
1244 691 1319 743 ipsi
1337 693 1501 730 auctori-

224 763 314 803 tatis
335 768 375 804 et
397 762 594 804 amicitiae
616 762 792 803 defensio
813 778 846 803 1..
884 778 1030 806 comm
1053 762 1131 818 (2),
1170 763 1217 805 ιι.
1233 778 1404 805 mmm
1427 763 1502 818 (3),

224 841 262 874 et
292 849 328 877 o..
363 849 485 875 omn
502 834 580 889 (4),
614 836 720 887 apud
752 850 873 889 quem
903 836 1127 877 Praetorem
1156 838 1276 890 paulo
1306 843 1397 877 ante
1429 851 1501 890 pro

222 924 253 949 c.
276 923 470 960 confimo,
502 909 711 949 maiestatis
744 924 830 960 reo,
865 910 1035 949 dixerat:
1071 912 1148 949 viri
1182 924 1317 950 omnes
1350 912 1502 949 civium

221 981 468 1022 sodalitatum
499 981 709 1034 participes
738 987 777 1020 et
799 981 851 1020 ad
870 982 1126 1022 ambitionem
1148 983 1412 1034 gratiosissimi
1434 983 1504 1037 (5).

220 1053 365 1093 Eadem
385 1053 618 1105 eloquentia
629 1067 677 1092 ex
701 1054 910 1092 iuventute
932 1055 1126 1105 optimum
1145 1067 1346 1107 quemque
1368 1061 1408 1094 et
1426 1062 1502 1094 stu-

222 1126 480 1166 diosissimum
511 1126 782 1177 humanitatis,
818 1127 900 1166 imo
932 1127 1128 1166 nobilium
1161 1140 1243 1166 non
1273 1141 1419 1180 paucos
1450 1129 1501 1170 ad

220 1213 260 1238 se
275 1200 475 1239 alliciebat
488 1213 626 1249 menno,
642 1199 778 1250 quales
795 1205 907 1238 erant
921 1214 959 1238 ιι.
972 1213 1118 1238 cussus
1125 1230 1136 1249 ,
1151 1215 1190 1238 ιι.
1203 1200 1273 1251 fil„
1289 1216 1327 1240 ιι.
1342 1215 1499 1251 οᾼιιιιιτε,

219 1278 292 1312 cet.
347 1272 494 1312 Horum
516 1271 646 1312 studia
667 1272 711 1311 in
732 1271 1001 1323 suffragando,
1036 1273 1081 1311 in
1103 1273 1306 1324 obeundo,
1333 1274 1377 1313 in
1400 1289 1499 1315 nun-

219 1344 371 1394 tiando,
391 1344 435 1382 in
454 1344 678 1383 assectando
695 1343 861 1383 mirifice
876 1349 917 1382 et
933 1357 1077 1396 magna
1091 1350 1132 1383 et
1138 1344 1313 1410 ‘honesta
1329 1353 1419 1386 sunt
1430 1349 1499 1401 (6).

264 1471 319 1517 (1)
345 1472 400 1504 De
419 1472 496 1504 Pet.
523 1470 545 1514 5
569 1471 614 1512 4,
639 1471 696 1504 38.
789 1471 845 1516 (2)
870 1471 911 1506 L.
930 1471 1136 1507 Corvini.
1181 1474 1239 1508 Sic
1256 1485 1377 1509 omncs
1395 1474 1504 1509 codd.

216 1526 377 1572 Lsgom.,
404 1532 537 1571 praeter
551 1536 661 1559 unum.
677 1525 724 1559 50
736 1548 747 1568 ,
768 1526 829 1570 qui
842 1549 854 1567 ,
873 1532 911 1559 ut
928 1537 1027 1571 supra
1045 1538 1081 1571 p.
1101 1528 1135 1560 6.
1154 1527 1250 1570 dixi,
1272 1527 1377 1563 editio
1396 1529 1503 1562 Lam-

215 1581 352 1615 binism
380 1592 451 1615 csse
479 1580 623 1616 videtur.
671 1579 738 1614 Or.
768 1579 810 1614 C.
839 1578 1005 1614 Orohviv
1017 1581 1050 1614 ii
1079 1580 1151 1625 (vel
1163 1605 1174 1624 ,
1198 1589 1236 1615 ut
1262 1583 1300 1615 in
1329 1581 1501 1618 Onomaso.

215 1635 412 1680 Orcivii)
444 1636 591 1682 praefert
617 1647 661 1669 ex
674 1647 713 1679 p.
737 1635 869 1668 Cluent.
886 1635 944 1668 84.
962 1636 1031 1678 84,
1055 1637 1113 1670 53.
1135 1637 1225 1678 14⁷,
1251 1637 1501 1683 Peyrouem

223 1697 357 1738 secutus
369 1714 381 1733 ,
405 1691 467 1736 qui
486 1691 525 1723 in
543 1690 665 1735 fragm.
683 1688 778 1724 ined.
795 1696 877 1723 orst.
892 1701 930 1735 p.
947 1689 1012 1724 181
1023 1691 1038 1732 ¹,
1060 1690 1141 1725 184.
1160 1702 1203 1724 ex
1220 1693 1380 1726 monstris
1397 1692 1503 1727 Cor--

215 1746 364 1780 chium
383 1752 417 1779 et
434 1744 653 1779 Gorchivi
672 1743 715 1789 C.
734 1743 994 1778 Orchivium
1011 1745 1168 1779 restituit.
1199 1745 1269 1780 Sed
1287 1757 1358 1780 non
1375 1746 1497 1789 video,

213 1811 316 1846 quare
332 1801 393 1834 hic
410 1799 503 1833 idem
522 1798 582 1832 ille
603 1786 738 1831 Praetor
755 1799 950 1832 nominatus
968 1798 1084 1841 fuerit,
1104 1805 1204 1843 atque
1221 1799 1293 1843 ibi;
1313 1811 1377 1834 nec
1396 1799 1504 1835 Cor-

214 1856 349 1890 vinus
375 1854 458 1901 hic,
491 1864 598 1898 nepos
624 1853 710 1886 forte
735 1852 962 1886 consularium
988 1854 1138 1886 viromm
1154 1855 1214 1898 qui
1233 1867 1252 1887 s
1274 1854 1365 1889 Cic.
1384 1858 1498 1893 nomi·

214 1915 336 1944 uantur
365 1909 520 1953 Philipp.
546 1907 589 1941 V.
615 1906 675 1948 1⁷,
709 1906 777 1948 48,
801 1900 922 1939 itidem
940 1906 1199 1951 gratiosissimus
1217 1908 1256 1940 in
1273 1907 1504 1943 sodalitatibus

214 1976 287 2000 esse
305 1964 466 2012 potuerit.
488 1961 843 1999 God.1·:rfurt.umen
860 1960 964 1995 habet
981 1960 1236 1997 Chorcivii.
1309 1963 1363 2009 (3)
1390 1964 1431 1997 L.
1440 1965 1500 2009 48,

211 2021 266 2054 48.
292 2019 420 2053 habent
449 2018 491 2053 C.
512 2016 765 2060 fundanii,
797 2024 836 2050 ut
861 2018 964 2051 etiam
990 2017 1085 2060 Erf„
1119 2030 1222 2063 quare
1251 2021 1297 2053 its
1313 2020 1502 2066 legendum

209 2085 346 2109 conseo.
377 2074 419 2109 C.
440 2073 699 2108 Fundanius
717 2072 783 2107 fuit
803 2072 1046 2107 Ciceronis
1064 2074 1204 2108 amicus.
1237 2074 1292 2109 cf.
1312 2077 1359 2109 ad
1380 2078 1497 2118 Quint.

210 2130 238 2163 1.
263 2129 297 2162 2.
324 2130 381 2163 10.
478 2129 534 2174 (4)
568 2129 619 2163 De
652 2135 804 2173 tempore
841 2140 910 2173 quo
944 2127 1150 2163 Gallium
1182 2129 1395 2173 defenderit,
1430 2143 1499 2165 non
1563 2168 1568 2171 ,

210 2184 388 2218 concinere
415 2184 551 2218 videtur
575 2183 603 2228 Q
613 2195 636 2216 u
646 2184 658 2216 i
669 2189 745 2216 nto
779 2184 809 2215 A
819 2193 890 2216 sco
901 2184 981 2216 niu
992 2194 1027 2216 s:
1071 2194 1151 2216 nam
1177 2190 1214 2216 ut
1241 2191 1373 2228 praeter
1397 2196 1499 2219 omne

211 2239 356 2273 dubium
384 2245 435 2272 est
447 2262 457 2280 ,
491 2238 578 2284 quin
603 2236 644 2283 Q.
672 2237 759 2271 hanc
786 2238 885 2283 epist.
915 2238 1084 2283 scripserit
1096 2262 1106 2280 ‚
1141 2244 1218 2272 ante
1235 2237 1387 2273 habitam
1415 2247 1498 2275 orat.

215 2297 252 2328 in
275 2294 361 2336 Tog.
379 2293 479 2327 caud.
493 2317 503 2335 ‚
529 2294 577 2326 sic
594 2292 682 2326 male
703 2295 793 2326 Asc.
813 2292 897 2326 dicit
916 2291 1319 2336 Ciceronempostea
1337 2293 1378 2339 Q.
1398 2294 1503 2330 Gal.

211 2349 326 2383 lium
363 2348 579 2392 defendisse,
619 2349 765 2390 ambitus
789 2360 903 2392 reum;
938 2360 1018 2382 nam
1044 2355 1139 2382 antea
1165 2347 1284 2382 fecisse
1311 2361 1355 2383 ex
1382 2350 1447 2388 hoc
1475 2352 1500 2385 1.

212 2412 374 2451 apparet,
404 2404 477 2439 scil.
506 2416 584 2438 cum
608 2405 806 2452 designatus
833 2410 903 2439 erat
931 2403 1115 2438 Gallius
1129 2429 1138 2445 ,
1171 2415 1235 2437 nec
1260 2404 1371 2453 adbuc
1388 2409 1502 2452 magi-

219 2467 357 2494 stratum
375 2457 506 2494 inierat.
531 2460 665 2494 Praetor
673 2468 784 2494 autem
796 2461 898 2494 fuito.
909 2471 944 2494 u.
957 2460 1034 2494 688.
1113 2459 1167 2502 (5)
1195 2459 1250 2493 De
1259 2461 1335 2496 Pet.
1348 2462 1435 2504 §19,
1449 2463 1503 2496 51.

223 2514 277 2560 (6)
305 2516 369 2551 De.
395 2516 470 2550 Pet.
493 2514 513 2558 §
533 2516 575 2558 3,
597 2516 640 2559 6,
660 2516 718 2550 33.
