1857 3147
1015 225 1037 260 ’Δ

439 356 519 395 Nec
542 356 687 394 mirum
700 385 711 404 ,
739 368 833 405 prae
857 355 996 394 ceteris
1015 356 1054 393 ei
1078 356 1247 396 nominis
1270 356 1481 395 novitatem
1504 357 1667 397 fraterni

384 443 504 470 curae
536 429 653 468 fuisse
665 458 677 477 ,
715 426 839 480 idque
871 427 1130 480 praecipuum
1165 429 1318 470 duxisse
1351 429 1511 469 honoris
1540 430 1667 482 impe-

383 502 616 540 dimentum.
672 499 932 538 Consideratis
949 505 1084 538 tamen
1107 500 1155 538 iis
1172 514 1274 552 quae
1296 506 1337 539 et
1357 500 1487 539 fratris
1498 506 1538 538 et
1547 501 1669 540 huius

387 581 608 625 temporum
642 573 801 624 propria
835 579 970 622 erant,
1009 573 1135 612 multa
1165 587 1246 614 esse
1280 573 1439 614 videbat
1466 588 1569 626 quae
1596 575 1670 625 ipsi

387 647 488 684 hanc
514 645 728 684 novitatem
752 643 1014 683 sublevarent.
1060 644 1307 697 Quamquam
1328 647 1439 698 enim
1459 647 1502 685 in
1522 646 1669 686 Consu-

384 721 470 758 lum
494 718 701 758 annalibus
722 732 919 758 moenem
941 731 1088 757 nomen
1109 724 1193 757 erat
1218 719 1421 769 ignotum,
1444 725 1484 758 at
1506 720 1550 758 in
1566 733 1668 771 quo-

384 792 534 831 tidiano
572 791 753 830 omnium
793 803 973 830 sermone
1006 771 1090 830 erat
1124 790 1387 830 celebratum:
1422 802 1503 829 non
1535 791 1670 843 exigui

384 866 492 903 enim
515 864 706 902 momenti
726 875 862 904 ,causas
881 863 1004 901 frater
1027 863 1108 901 iam
1129 869 1285 914 egerat3
1314 875 1484 901 summos
1506 863 1550 900 in
1569 863 1669 901 civi-

384 942 462 976 tate
495 936 600 974 viros
631 934 863 974 defenderat
875 951 886 984 ;
928 940 967 974 et
1002 935 1151 974 multae
1182 936 1445 975 amicitiarum
1476 936 1670 987 rationes,

382 1016 463 1048 tam
495 1023 545 1048 ex
573 1010 651 1048 hoc
673 1009 782 1046 fonte
804 1021 925 1059 quam
936 1022 999 1047 ·ex
1021 1008 1193 1060 equestri
1213 1008 1438 1047 conditione
1457 1014 1565 1053 ortae
1585 1010 1673 1049 eius

381 1083 564 1135 petitioni
594 1081 930 1132 suffragabantur,
966 1094 1069 1133 quae
1093 1081 1303 1133 diligenter
1325 1086 1436 1121 erant
1457 1081 1669 1134 colendae5

380 1156 612 1209 praesertim
647 1168 741 1193 vero
769 1135 966 1193 nobilium
988 1155 1032 1192 in
1055 1155 1185 1205 ipsum
1206 1154 1386 1193 voluntas
1406 1154 1671 1195 confirmanda

379 1234 421 1268 et
441 1226 648 1268 excitanda
668 1231 764 1266 erat.
819 1225 940 1265 Felici
957 1225 1131 1278 quodam
1152 1238 1333 1267 successu
1352 1227 1527 1267 evenisse
1548 1236 1668 1269 mco

378 1302 498 1348 dicit,
526 1305 573 1337 ut
595 1299 667 1349 qui
688 1310 782 1336 cum
805 1310 854 1335 eo
874 1300 1054 1348 peterent
1078 1298 1250 1346 nobiles,
1272 1299 1418 1348 partim
1439 1299 1571 1337 minus
1586 1301 1669 1350 apti

379 1374 430 1413 ad
451 1372 685 1425 popularem
702 1369 868 1422 gratiam
886 1369 1188 1422 comparandam
1197 1400 1209 1420 ,
1234 1370 1378 1422 partim
1396 1370 1503 1410 vitiis
1522 1384 1569 1411 ac
1581 1377 1668 1411 tm·-

379 1445 564 1498 pitudine
597 1449 637 1483 et
671 1443 835 1483 infamia
865 1441 1026 1492 referti,
1051 1454 1230 1482 menum
1241 1472 1253 1492 ‚
1278 1443 1461 1494 quumvis
1480 1444 1574 1482 novi
1591 1444 1668 1484 ho·-

379 1519 522 1568 minis,
572 1517 783 1565 virtutem,
821 1515 1029 1567 ingenium
1041 1546 1053 1565 ,
1092 1516 1270 1555 omnium
1308 1515 1474 1555 salutem
1508 1529 1668 1568 promo-

381 1590 504 1630 vendi
526 1588 726 1637 studium,
750 1600 832 1628 non
855 1593 1011 1627 tantum
1033 1599 1115 1628 non
1136 1588 1408 1639 obscurarent,
1433 1589 1502 1629 sed
1524 1589 1668 1634 melius

377 1663 559 1703 omnimu
582 1661 708 1700 oculis
727 1665 1024 1711 proponerent.⁴

433 1734 496 1773 Ab
511 1733 634 1773 altera
651 1735 764 1784 parte
788 1732 872 1782 ipsa
894 1732 981 1770 eius
999 1731 1125 1782 gloria
1144 1736 1185 1770 et
1202 1730 1338 1771 laude·
1356 1733 1501 1772 multos
1516 1735 1667 1775 excita-

378 1814 493 1847 turae
509 1809 623 1845 erant
644 1803 818 1852 invidos,
845 1804 917 1854 qui
936 1803 1046 1842 omni
1067 1799 1217 1842 ratione
1232 1803 1336 1844 hanc
1354 1805 1393 1844 ei
1412 1805 1664 1858 adversandi,

376 1881 545 1932 ejusque
566 1877 729 1918 consilia
751 1875 996 1929 impediendi
1016 1876 1259 1917 occasionem
1278 1877 1508 1930 arriperent.
1547 1879 1665 1920 Sum-

375 1969 441 1994 ma
463 1955 587 2006 igitur
606 1951 675 1991 hic
695 1964 795 2003 opus
816 1956 900 1990 erat
922 1949 1145 2002 diligentia,
1167 1956 1213 1989 ut
1236 1956 1277 1990 et
1297 1952 1515 1991 amicorum
1536 1953 1667 1994 studia

376 2034 417 2069 et
443 2027 583 2080 populi
604 2026 849 2066 voluntatem
870 2022 946 2062 sibi
966 2023 1206 2064 conciliaret.
1232 2046 1255 2053 -
1276 2023 1506 2065 Amicorum
1529 2031 1662 2066 autem

378 2114 527 2140 nomen
546 2100 622 2138 hac
652 2099 697 2136 in
721 2111 766 2136 re
789 2097 973 2136 latissime
994 2102 1051 2135 est
1073 2095 1368 2135 extendendum
1374 2112 1386 2148 3
1426 2103 1467 2136 et
1489 2099 1661 2150 quicun-

375 2185 458 2225 que
489 2170 705 2220 beneficio,
743 2183 831 2221 spe,
870 2169 994 2209 animi
1028 2168 1282 2209 adiunctione
1314 2174 1492 2209 nostrum
1524 2171 1662 2223 cupidi

374 2247 476 2294 sint,
514 2244 546 2282 ii
579 2255 715 2289 omnes
743 2247 835 2281 sunt
857 2242 908 2280 ad
928 2242 1244 2281 benevolentiam
1267 2247 1308 2280 et
1329 2241 1454 2281 officia
1476 2255 1545 2282 sua
1564 2256 1659 2295 pro-

372 2319 505 2358 banda
524 2316 722 2357 excitandi
729 2332 740 2367 ;
768 2328 938 2367 quorum
961 2320 1095 2355 autem
1118 2316 1199 2354 huc
1221 2327 1348 2366 usque
1369 2316 1563 2355 minorem
1585 2316 1660 2357 ha-

373 2393 515 2431 buerat
542 2390 760 2438 rationem,
798 2400 863 2427 eos
892 2400 1054 2440 quoque
1085 2388 1161 2426 hoo
1196 2392 1374 2440 tempore
1404 2389 1586 2438 allicere,
1617 2394 1658 2428 et

373 2464 426 2503 ad
448 2475 535 2502 suas
556 2465 684 2513 partes
705 2460 914 2500 adtrahere
934 2465 974 2498 et
990 2460 1200 2498 honestum
1217 2465 1258 2498 et
1276 2460 1437 2499 maximi
1454 2466 1537 2499 erat
1555 2472 1657 2511 pon—

370 2538 487 2577 deris.
541 2534 592 2573 At
626 2548 706 2573 non
728 2532 870 2573 sufficit
880 2563 892 2582 ‚
933 2533 1076 2572 multoe
1097 2533 1245 2572 habere
1268 2534 1433 2584 amicos3
1463 2533 1656 2585 imprimis

369 2624 466 2662 opus
500 2615 556 2648 est
570 2639 580 2657 ‚
609 2613 654 2646 ut
677 2621 742 2646 eos
770 2606 997 2645 hominibus
1026 2606 1204 2647 ostendas
1212 2636 1223 2655 ,
1258 2612 1297 2644 et
1321 2607 1369 2644 iis
1391 2619 1544 2658 semper
1565 2607 1653 2645 cin—
