1857 3147
920 142 968 180 58

296 287 419 327 quam
437 274 656 323 discedere,
682 274 772 313 sed.
786 303 796 313 .
812 302 821 312 .
843 285 924 312 essu
938 272 1085 315 Romae
1101 281 1220 328 atque
1236 277 1280 315 in
1294 277 1400 328 foro,
1421 279 1572 320 assiduo

294 354 450 401 petere,
481 357 595 399 saepe
628 345 786 387 eosdem
818 344 1036 398 appellate:
1074 353 1132 399 et,
1163 355 1209 389 ut
1229 349 1273 389 in
1294 347 1502 394 Phnoiana
1523 352 1573 392 de

293 435 335 461 se
367 435 503 462 mnus
532 424 697 459 testatur
717 419 795 474 (l):
830 418 963 470 »ἰωὴ
990 426 1037 459 ut
1053 421 1231 473 quotidie
1251 436 1317 462 me
1331 431 1574 475 praesentem

292 494 489 554 viderent3
531 491 707 533 habitavi
736 493 781 531 in
811 491 951 546 oculis3
990 494 1113 545 pressi
1139 494 1291 549 forum3
1324 496 1526 537 neminem
1553 510 1577 537 a

291 577 499 618 congressu
530 578 641 616 meo,
672 577 805 618 neque
835 567 978 606 ianitor
998 578 1111 606 meus
1118 585 1131 617 ‚⁴
1157 581 1290 620 neque
1314 582 1472 609 somnus
1490 570 1573 609 abs-

290 639 471 679 terruit.”
502 660 528 669 -
554 639 775 679 Gratiosum
801 652 961 679 lsmonus
986 638 1104 690 dicit,
1135 638 1208 692 qui
1234 640 1326 692 plus
1352 641 1475 681 alicui
1507 643 1573 682 tri-

287 712 397 762 buit,
429 723 550 764 quam
580 716 758 752 meretur
777 711 849 765 (2).
902 712 958 752 Eo
978 716 1115 752 autem
1137 712 1261 763 magis
1281 712 1496 752 neeessaria
1516 720 1574 753 est

287 784 414 834 gratia
443 784 534 833 illa,
568 796 650 835 quo
671 783 807 836 plures
827 783 1009 824 homines
1030 795 1077 824 ea
1097 789 1223 837 potest
1243 785 1435 837 attingere
1441 800 1453 838 ς
1482 796 1575 825 nam

286 856 509 907 benignitas
540 869 623 895 non
652 857 733 895 late
767 863 903 908 patere
935 862 1081 907 potest:
1119 869 1273 909 semper
1303 858 1413 896 enim
1439 859 1574 910 plures

286 934 401 980 sunt,
427 929 500 980 qui
520 933 657 980 petant
678 928 848 980 aliquid,
870 940 1000 990 quam'
1014 928 1160 980 quibus
1180 929 1299 981 possit
1320 930 1461 969 tribui:
1481 943 1571 970 oon-

286 1002 408 1052 vivia,
436 1001 502 1040 vel
531 1001 636 1041 dona
657 1014 681 1040 a
702 1000 911 1039 candidato
933 1001 1066 1040 eiusve
1090 1001 1226 1040 amieis
1247 1015 1329 1041 non
1352 1002 1429 1040 nisi
1449 1003 1573 1041 tribu-

288 1075 362 1114 tim
390 1074 518 1114 etv-his
545 1074 611 1114 vel
638 1074 718 1113 illis
734 1073 821 1114 dari
842 1079 1018 1126 possunt:
1046 1073 1115 1113 sed
1136 1074 1181 1113 in
1199 1075 1282 1127 ipsa
1304 1087 1423 1127 opera
1444 1075 1574 1115 danda

286 1153 358 1188 aut
388 1145 671 1198 pmmfflemh,
710 1147 835 1198 inque
866 1147 950 1197 ipsa
976 1147 1176 1198 neganda,
1207 1148 1297 1199 plus
1326 1148 1377 1187 ab
1399 1149 1573 1188 oratione

285 1226 325 1261 et
353 1219 484 1261 fronte
514 1219 741 1269 interdum,
773 1231 895 1271 quam
916 1219 968 1259 ab
987 1219 1073 1271 ipw
1089 1219 1282 1259 beneficio
1304 1220 1396 1259 dato
1418 1221 1484 1260 vel
1505 1235 1572 1260 ne-

282 1299 374 1346 gato
405 1293 555 1345 pendet
574 1291 654 1346 (3)z
692 1293 789 1331 hino
821 1292 957 1331 vultus
989 1304 1035 1331 ac
1064 1292 1194 1343 frons,
1233 1304 1335 1345 quae
1362 1299 1421 1332 est
1448 1294 1570 1333 animi

282 1368 423 1417 ianua,
449 1357 604 1418 semper
624 1368 755 1418 pateat
773 1365 975 1404 omnibus:
1002 1364 1140 1404 hilaris
1157 1365 1207 1403 sit
1229 1365 1432 1418 adspectus
1452 1373 1572 1420 atque

285 1453 431 1490 sermo;
459 1445 500 1478 et
525 1443 729 1490 praeterea
754 1436 1056 1477 commutandus
1083 1442 1123 1475 et
1147 1438 1500 1478 accommodandus
1521 1440 1571 1479 ad

283 1525 441 1552 sensum
470 1517 511 1551 et
533 1511 778 1551 voluntatem
799 1523 936 1550 eorum
958 1522 1217 1562 quoscunque
1239 1512 1468 1550 convenerit
1490 1511 1569 1566 (4):

284 1598 376 1625 nam
397 1585 559 1624 comitas
579 1585 649 1623 illa
670 1597 774 1635 quae
790 1583 895 1622 bono
914 1594 961 1621 ao
980 1582 1091 1622 suavi
1110 1582 1273 1622 homine
1292 1583 1413 1635 digna
1430 1590 1508 1635 est,
1527 1586 1570 1624 in

284 1659 499 1700 ambitione
519 1672 600 1698 non
617 1657 778 1708 sufficit3
806 1656 1000 1695 blanditia
1021 1669 1120 1708 opus
1141 1660 1215 1704 est,
1241 1656 1380 1695 vitiosa
1398 1662 1439 1695 et
1460 1659 1570 1709 turpi

283 1734 324 1770 in
347 1738 480 1771 cetera
498 1731 580 1769 vita
590 1729 669 1783 (5),
696 1729 766 1768 sed
788 1730 833 1767 in
854 1729 1045 1780 petitione
1062 1728 1296 1767 necessaria:
1323 1733 1411 1767 tum
1433 1741 1569 1781 quem-

282 1817 443 1857 cunque
474 1804 635 1843 nomine
662 1815 734 1841 suo
763 1802 1021 1853 compellare,
1047 1814 1127 1852 quo
1152 1801 1306 1852 insigne
1328 1801 1504 1841 studium
1528 1809 1568 1841 et

279 1877 482 1917 assiduitas
499 1875 736 1928 requiritur,
760 1886 934 1926 eumque
949 1873 1122 1913 amioum
1137 1878 1178 1913 et
1195 1873 1408 1925 gratiosum
1428 1875 1568 1927 tuique

280 1951 472 2002 cupidum
501 1962 642 1988 vocare
661 1947 743 2002 (6);
772 1948 953 1987 omnium
971 1947 1107 1986 domos
1129 1946 1326 1985 salutandi
1348 1960 1463 1986 eausa
1484 1949 1565 1986 obi-

280 2037 324 2064 re
335 2022 411 2078 (7);
436 2046 458 2052 -
480 2023 580 2062 haec
600 2027 710 2071 sunt,
733 2034 837 2073 quae
854 2021 897 2059 in
914 2020 1096 2073 populari
1107 2019 1316 2060 candidato
1327 2020 1564 2071 flagitantur.

331 2096 385 2135 At
407 2095 527 2134 simul
547 2095 611 2133 isti
627 2100 719 2133 sunt
738 2095 941 2133 honestam
961 2094 1066 2132 inter
1082 2092 1337 2133 ambitionem
1356 2098 1397 2132 et
1408 2098 1563 2146 turpem

279 2170 473 2211 ambitum
495 2169 609 2208 fines:
637 2167 757 2208 laxati
780 2167 859 2208 iam
880 2172 971 2208 sunt
993 2167 1227 2217 admodum,
1253 2167 1322 2207 sed
1342 2167 1410 2208 hio
1432 2174 1565 2209 tamen

280 2249 442 2283 exstant.
500 2242 674 2281 Simulae
703 2240 952 2290 candidatus,
984 2246 1030 2279 ut
1058 2240 1219 2280 nomina
1244 2251 1404 2280 noscere
1431 2241 1560 2281 videa-

323 2382 379 2426 (1)
405 2380 462 2414 27.
491 2381 546 2414 ee.
641 2377 698 2423 (2)
730 2378 828 2419 0⁶3.
856 2376 914 2410 10.
941 2376 1020 2410 118.
1114 2375 1170 2420 (3)
1206 2376 1261 2409 De
1287 2378 1360 2410 Pet.
1390 2376 1411 2421 5
1439 2377 1563 2411 «ιι-49.
1630 2401 1632 2403 .

279 2436 333 2472 Cf.
362 2435 505 2471 omnino
541 2434 579 2468 de
607 2435 669 2478 off.
703 2432 750 2467 11.
777 2432 834 2466 15.
863 2431 930 2474 52,
964 2442 1041 2476 sqq.
1144 2429 1199 2474 (4)
1233 2431 1323 2466 Ibid.
1352 2431 1373 2474 §
1401 2432 1471 2474 42,
1503 2432 1559 2464 44.

284 2492 337 2537 (5)
364 2490 419 2525 De
437 2490 537 2524 amic.
555 2489 611 2523 18.
630 2488 688 2523 5⁷.
782 2485 837 2530 (8)
853 2484 916 2519 .De
928 2486 1001 2519 Pet.
1023 2483 1044 2528 5
1066 2483 1111 2518 32
1124 2509 1134 2526 ‚
1154 2484 1210 2519 41.
1301 2485 1358 2531 (⁷)
1384 2487 1446 2519 Pr.
1466 2485 1560 2519 Mur.

279 2547 335 2581 21.
354 2548 409 2581 ss.
455 2545 506 2579 De
526 2544 782 2590 persalutatione
803 2541 845 2574 of.
869 2541 978 2575 Fest‘.
998 2539 1063 2573 Ed.
1083 2539 1212 2574 Liud.
1233 2540 1272 2573 Τ.
1294 2541 1336 2574 11.
1356 2553 1392 2585 p.
1411 2539 1488 2573 192.
