1857 3147
898 118 948 157 67

281 258 445 303 darent,
477 261 595 307 atque
619 260 716 293 esset
738 254 975 294 beneficium
999 255 1123 306 magis
1156 257 1260 294 inter
1291 256 1414 307 ipsos,
1437 270 1558 308 quam

279 330 503 378 conventio,
521 328 686 367 minime
703 328 780 367 hoc
796 332 882 367 erat
892 327 1177 380 damnandum,
1195 334 1236 368 et
1252 329 1458 368 dicebatur
1469 330 1557 369 talis

278 402 385 442 tribu
403 415 473 442 sus
488 401 735 453 competitori
749 399 903 441 cedere.
934 401 1014 441 Hac
1026 414 1063 440 v.
1077 414 1113 441 c.
1127 402 1279 442 ratione
1289 403 1332 441 in
1343 415 1555 442 umnam

277 477 442 528 gratiam
475 480 516 513 et
546 488 693 514 rmrms
726 479 767 512 et
799 488 967 514 ruamus
990 488 1111 514 unam
1134 475 1304 527 quisque
1323 476 1474 515 tribum
1495 489 1555 515 ro-

274 552 448 600 gaverat,
484 552 528 586 ut
563 547 638 605 illi¹
659 547 819 599 insuper
840 547 1168 599 suffragarentur,
1202 546 1298 587 dein
1320 553 1453 587 autem
1473 561 1553 588 me-

275 626 446 672 tuentes,
473 635 525 660 ne
547 621 649 673 ipsos
670 621 726 661 ita
747 612 906 661 adiutus
925 600 1117 672 vinceret,
1143 635 1196 661 ne
1217 622 1410 671 facerent,
1437 623 1553 662 iusse-

277 700 337 735 rat
347 693 423 749 (1):
448 700 489 734 et
511 695 554 734 in
576 695 680 746 Toga
698 694 875 733 Candida
886 689 1047 735 'aromo
1064 709 1105 735 n.
1123 708 1249 734 menno
1264 695 1417 744 obiicit,
1437 695 1553 735 illum

274 781 344 807 suo
367 767 529 807 demum
548 765 808 806 beneficio'ex
826 765 968 806 ultimo
987 767 1076 806 loco
1092 766 1392 807 candidatorum
1415 768 1458 807 in
1480 773 1556 808 ter·

276 841 376 879 tium
398 841 638 892 pervenisse:
665 840 748 880 scil.
768 840 990 891 complures
1011 841 1137 879 tribus
1155 841 1199 879 in
1217 841 1363 892 quibus
1382 842 1556 881 multum

274 913 448 963 valebat,
481 913 556 965 ipsi
575 926 736 965 quoque
741 943 753 963 ,
785 913 990 952 miseratus
1004 913 1125 965 ipsius
1146 901 1432 963 conditionem,
1466 926 1557 953 eon-

273 987 442 1036 eiliavit3
468 991 508 1023 et
530 987 690 1037 insuper
711 985 922 1024 nonnullos
943 993 993 1023 ex
1013 985 1333 1037 competitoribus
1355 991 1398 1024 ut
1421 986 1465 1025 in
1487 999 1557 1026 sua

274 1059 533 1106 tribu1idem,
561 1072 707 1097 mmm
730 1071 865 1106 causa,
886 1053 1093 1109 facerent,
1128 1059 1379 1097 invitaverat:
1412 1046 1558 1110 quibus

275 1131 438 1171 demum
461 1131 729 1170 centuriarum
751 1130 945 1182 suffragiis
969 1131 1127 1171 adiutus
1156 1131 1208 1170 ad
1240 1121 1402 1170 tertium
1425 1145 1449 1171 e
1470 1146 1559 1173 can-

275 1203 418 1243 didatis
439 1203 572 1243 locum
594 1203 797 1255 pervenit,
819 1216 931 1253 cum,
957 1204 989 1242 si
1012 1204 1092 1243 suis
1113 1209 1268 1243 tantum
1291 1203 1485 1255 suffragiis
1500 1205 1558 1244 ni-

273 1290 336 1315 sus
354 1276 506 1325 fuisset,
527 1277 691 1315 ultimus
707 1277 866 1315 futurus
882 1276 1017 1314 fuisset
1027 1275 1098 1329 (2)
1119 1300 1142 1306 -
1162 1276 1232 1315 Hic
1243 1282 1375 1315 autem
1386 1277 1439 1316 de
1450 1279 1559 1316 omni

277 1348 354 1388 alia
374 1361 420 1387 re
442 1348 591 1399 agitur:
627 1347 914 1387 conveniebant
946 1349 1053 1404 enim
1079 1349 1184 1387 inter
1205 1362 1246 1387 se
1268 1350 1560 1401 competitores,

276 1427 320 1460 ut
349 1421 394 1459 in
415 1421 463 1460 iis
485 1421 684 1470 tribubus,
711 1422 755 1459 in
773 1421 918 1473 quibus
936 1421 1092 1472 aliquid
1113 1421 1307 1471 valerent,
1334 1421 1400 1460 vel
1419 1423 1562 1472 gratia,

208 1482 211 1488 ,
275 1494 491 1544 beneficiis,
528 1494 737 1546 largitione
769 1494 902 1534 valere
938 1493 1162 1544 studerent,
1198 1507 1280 1533 non
1310 1494 1385 1532 sibi
1408 1499 1561 1534 tantum

218 1574 220 1577 ’
274 1572 549 1618 operarentur,
586 1567 655 1605 sed
691 1567 864 1618 utrique.
918 1567 1010 1605 Hoc
1031 1566 1167 1617 igitur,
1188 1579 1212 1605 a
1244 1565 1399 1605 duobus
1425 1579 1498 1617 per
1520 1579 1562 1605 se

276 1639 448 1679 multum
471 1640 551 1678 iam
574 1640 795 1679 valentibus
813 1639 934 1688 facto,
956 1638 1090 1678 lucide
1108 1644 1231 1690 patet,
1255 1644 1450 1690 quantum
1469 1639 1560 1678 reli-

277 1724 375 1764 quos
393 1725 578 1764 superare
595 1711 823 1751 debuerint:
845 1710 914 1751 sed
929 1711 1081 1751 etiamsi
1091 1711 1237 1763 singuli
1248 1711 1430 1763 nonrplus
1440 1725 1562 1764 quam

277 1785 378 1823 alius
393 1768 556 1835 quidam
573 1784 816 1823 adversarius
834 1785 1028 1833 valerent,
1046 1789 1179 1823 tamen
1194 1784 1270 1822 hac
1284 1784 1563 1824 coniunctione

279 1858 360 1896 sive
396 1858 581 1906 coitione,
615 1862 677 1895 ut.
694 1856 842 1895 dicitur
852 1855 946 1909 (3),
983 1857 1079 1895 huic
1112 1856 1401 1896 antecellebant
1434 1857 1560 1897 ambo.

278 1929 378 1968 Talis
394 1929 516 1981 igitur
533 1929 670 1978 coitio,
689 1928 904 1980 turpissimi
920 1933 1003 1968 erat
1021 1927 1190 1967 ambitus
1195 1944 1206 1979 3
1229 1933 1270 1967 et
1286 1928 1396 1967 omni
1411 1929 1565 1969 ratione

279 2003 419 2041 ceteris
440 2002 772 2053 competitoribus,
784 2007 868 2041 erat
887 2001 1100 2040 metuenda
1110 2000 1181 2054 (4).
1234 2001 1334 2040 Hinc
1357 2002 1401 2040 in
1420 2002 1565 2041 Senatu

280 2079 415 2112 contra
439 2088 586 2113 sni-olm
608 2079 647 2112 et
671 2088 859 2113 mmmmm
890 2074 1101 2112 coitionem
1124 2072 1465 2112 vehementissime
1487 2074 1569 2125 egit

280 2159 404 2186 menno
409 2161 421 2197 3
448 2151 488 2185 et
510 2159 688 2185 rumorum
705 2158 799 2185 cum
817 2160 947 2187 nono
966 2146 1144 2194 coivisse,
1167 2159 1375 2184 nrmnsis
1383 2175 1396 2195 ,
1415 2158 1465 2185 ex
1486 2145 1564 2185 suf-

326 2291 381 2336 (1)
407 2291 471 2326 Pr,
492 2291 613 2326 Plane.
632 2290 689 2325 22.
707 2291 765 2326 54.
857 2290 912 2336 (2)
938 2289 994 2325 cf.
1023 2301 1121 2336 supra
1146 2289 1231 2329 diss.
1253 2302 1294 2336 -p-
1313 2289 1359 2324 33
1373 2314 1384 2333 ,
1418 2297 1453 2325 et
1471 2290 1522 2326 ibi
1541 2292 1567 2327 l.

281 2349 474 2384 Gruohii
493 2349 518 2384 l.
540 2369 563 2377 -
580 2349 638 2384 Sic
656 2348 821 2382 Marius
843 2358 979 2392 quoque
1003 2347 1137 2380 Praetor
1153 2346 1307 2389 ἔσχατος
1330 2346 1403 2378 τῶν
1428 2347 1570 2379 πάντων

277 2404 554 2449 ἀναγορευθείς.
602 2402 659 2438 Cf.
679 2403 795 2438 Plut.
824 2404 862 2436 in
888 2413 922 2436 v.
952 2402 1049 2436 Mar.
1076 2414 1112 2448 p.
1132 2399 1212 2437 408.
1239 2400 1338 2447 Xyl.
1430 2401 1485 2450 (3)
1512 2402 1572 2435 Ad

278 2462 355 2495 Ate.
383 2461 410 2495 1.
436 2461 503 2501 1⁷,
533 2472 572 2504 p.
593 2460 711 2495 Plane.
741 2459 765 2492 l.
794 2459 842 2500 1..
877 2458 969 2492 Liv.
988 2458 1051 2493 111.
1069 2458 1126 2492 35.
1222 2456 1278 2500 (4)
1307 2457 1398 2492 Asc,
1430 2458 1468 2491 in
1496 2469 1568 2502 arg.
1624 2466 1626 2469 ·

281 2527 331 2548 or.
354 2519 391 2548 in
414 2517 454 2549 T.
479 2517 514 2549 G.
534 2527 574 2561 p.
589 2516 644 2549 83.
1214 2533 1225 2543 .
