<?xml version="1.0" encoding="UTF-8"?>
<!DOCTYPE html PUBLIC "-//W3C//DTD XHTML 1.0 Transitional//EN"
    "http://www.w3.org/TR/xhtml1/DTD/xhtml1-transitional.dtd">
<html xmlns="http://www.w3.org/1999/xhtml" xml:lang="en" lang="en">
 <head>
  <title>
</title>
<meta http-equiv="Content-Type" content="text/html;charset=utf-8" />
  <meta name='ocr-system' content='tesseract 3.04.00' />
  <meta name='ocr-capabilities' content='ocr_page ocr_carea ocr_par ocr_line ocrx_word'/>
</head>
<body>
  <div class='ocr_page' id='page_1' title='image "4737851_0066.png"; bbox 0 0 1857 3147; ppageno 0'>
   <div class='ocr_carea' id='block_1_1' title="bbox 931 109 982 150">
    <p class='ocr_par' dir='ltr' id='par_1_1' title="bbox 931 109 982 150">
     <span class='ocr_line' id='line_1_1' title="bbox 931 109 982 150; baseline 0 0"><span class='ocrx_word' id='word_1_1' title='bbox 931 109 982 150; x_wconf 89' lang='grc'><strong>50</strong></span> 
     </span>
    </p>
   </div>
   <div class='ocr_carea' id='block_1_2' title="bbox 300 243 1602 2257">
    <p class='ocr_par' dir='ltr' id='par_1_2' title="bbox 300 243 1602 2257">
     <span class='ocr_line' id='line_1_2' title="bbox 317 243 1600 299; baseline -0.002 -14"><span class='ocrx_word' id='word_1_2' title='bbox 317 246 475 297; x_wconf 78' lang='lat' dir='ltr'><strong>volunt,</strong></span> <span class='ocrx_word' id='word_1_3' title='bbox 503 244 622 285; x_wconf 82' lang='lat' dir='ltr'><strong>facile</strong></span> <span class='ocrx_word' id='word_1_4' title='bbox 643 244 845 295; x_wconf 49' lang='lat' dir='ltr'><strong>ponunt?</strong></span> <span class='ocrx_word' id='word_1_5' title='bbox 875 262 897 272; x_wconf 86' lang='lat'>-</span> <span class='ocrx_word' id='word_1_6' title='bbox 925 243 1124 294; x_wconf 72' lang='lat' dir='ltr'>prioribus</span> <span class='ocrx_word' id='word_1_7' title='bbox 1147 249 1278 284; x_wconf 80' lang='lat' dir='ltr'><strong>autem</strong></span> <span class='ocrx_word' id='word_1_8' title='bbox 1298 244 1350 284; x_wconf 84' lang='lat' dir='ltr'><strong>ad</strong></span> <span class='ocrx_word' id='word_1_9' title='bbox 1367 245 1510 297; x_wconf 84' lang='lat' dir='ltr'><strong>alium,</strong></span> <span class='ocrx_word' id='word_1_10' title='bbox 1529 246 1600 299; x_wconf 82' lang='lat' dir='ltr'><strong>qui</strong></span> 
     </span>
     <span class='ocr_line' id='line_1_3' title="bbox 317 314 1600 370; baseline 0.002 -14"><span class='ocrx_word' id='word_1_11' title='bbox 317 320 376 359; x_wconf 77' lang='lat' dir='ltr'><strong>sic</strong></span> <span class='ocrx_word' id='word_1_12' title='bbox 399 332 481 359; x_wconf 70' lang='lat' dir='ltr'><strong>soee</strong></span> <span class='ocrx_word' id='word_1_13' title='bbox 499 318 636 365; x_wconf 77' lang='lat' dir='ltr'><strong>habet,</strong></span> <span class='ocrx_word' id='word_1_14' title='bbox 658 316 812 356; x_wconf 85' lang='lat' dir='ltr'><strong>locum:</strong></span> <span class='ocrx_word' id='word_1_15' title='bbox 835 330 856 353; x_wconf 76' lang='lat' dir='ltr'><strong>n</strong></span> <span class='ocrx_word' id='word_1_16' title='bbox 868 314 920 354; x_wconf 81' lang='lat' dir='ltr'><strong>ad</strong></span> <span class='ocrx_word' id='word_1_17' title='bbox 940 315 1233 356; x_wconf 87' lang='lat' dir='ltr'><strong>conficiendum</strong></span> <span class='ocrx_word' id='word_1_18' title='bbox 1244 315 1302 370; x_wconf 91' lang='lat'><strong>(1)</strong></span> <span class='ocrx_word' id='word_1_19' title='bbox 1316 319 1515 359; x_wconf 83' lang='lat' dir='ltr'><strong>centurias</strong></span> <span class='ocrx_word' id='word_1_20' title='bbox 1533 319 1600 359; x_wconf 90' lang='lat' dir='ltr'><strong>ho-</strong></span> 
     </span>
     <span class='ocr_line' id='line_1_4' title="bbox 317 387 1600 441; baseline -0.001 -7"><span class='ocrx_word' id='word_1_21' title='bbox 317 393 445 433; x_wconf 78' lang='lat' dir='ltr'><strong>mines</strong></span> <span class='ocrx_word' id='word_1_22' title='bbox 466 388 676 430; x_wconf 79' lang='lat' dir='ltr'><strong>excellenti</strong></span> <span class='ocrx_word' id='word_1_23' title='bbox 699 388 836 441; x_wconf 75' lang='lat' dir='ltr'><strong>gratia.</strong></span> <span class='ocrx_word' id='word_1_24' title='bbox 875 387 951 438; x_wconf 84' lang='lat' dir='ltr'><strong>Qui</strong></span> <span class='ocrx_word' id='word_1_25' title='bbox 975 388 1046 428; x_wconf 82' lang='lat' dir='ltr'><strong>abs</strong></span> <span class='ocrx_word' id='word_1_26' title='bbox 1060 395 1101 429; x_wconf 87' lang='lat' dir='ltr'><strong>te</strong></span> <span class='ocrx_word' id='word_1_27' title='bbox 1123 389 1271 430; x_wconf 81' lang='lat' dir='ltr'><strong>tribum</strong></span> <span class='ocrx_word' id='word_1_28' title='bbox 1293 395 1362 430; x_wconf 86' lang='lat' dir='ltr'><strong>aut</strong></span> <span class='ocrx_word' id='word_1_29' title='bbox 1381 393 1600 433; x_wconf 84' lang='lat' dir='ltr'><strong>centuriam</strong></span> 
     </span>
     <span class='ocr_line' id='line_1_5' title="bbox 316 461 1600 514; baseline 0 -12"><span class='ocrx_word' id='word_1_30' title='bbox 316 471 384 505; x_wconf 84' lang='lat' dir='ltr'><strong>aut</strong></span> <span class='ocrx_word' id='word_1_31' title='bbox 416 461 580 514; x_wconf 80' lang='lat' dir='ltr'><strong>aliquod</strong></span> <span class='ocrx_word' id='word_1_32' title='bbox 612 462 851 500; x_wconf 80' lang='lat' dir='ltr'><strong>beneficium</strong></span> <span class='ocrx_word' id='word_1_33' title='bbox 885 466 953 500; x_wconf 87' lang='lat' dir='ltr'><strong>aut</strong></span> <span class='ocrx_word' id='word_1_34' title='bbox 981 461 1130 501; x_wconf 78' lang='lat' dir='ltr'><strong>hahent</strong></span> <span class='ocrx_word' id='word_1_35' title='bbox 1160 468 1229 502; x_wconf 85' lang='lat' dir='ltr'><strong>aut</strong></span> <span class='ocrx_word' id='word_1_36' title='bbox 1254 462 1401 502; x_wconf 85' lang='lat' dir='ltr'><strong>habere</strong></span> <span class='ocrx_word' id='word_1_37' title='bbox 1421 469 1600 514; x_wconf 78' lang='lat' dir='ltr'>sperent,</span> 
     </span>
     <span class='ocr_line' id='line_1_6' title="bbox 313 535 1600 588; baseline -0.002 -12"><span class='ocrx_word' id='word_1_38' title='bbox 313 550 378 576; x_wconf 87' lang='lat' dir='ltr'><strong>eos</strong></span> <span class='ocrx_word' id='word_1_39' title='bbox 409 548 566 588; x_wconf 84' lang='lat' dir='ltr'><strong>prorsus</strong></span> <span class='ocrx_word' id='word_1_40' title='bbox 594 548 739 585; x_wconf 80' lang='lat' dir='ltr'><strong>magno</strong></span> <span class='ocrx_word' id='word_1_41' title='bbox 770 546 890 586; x_wconf 85' lang='lat' dir='ltr'><strong>opere</strong></span> <span class='ocrx_word' id='word_1_42' title='bbox 920 540 961 574; x_wconf 90' lang='lat' dir='ltr'><strong>et</strong></span> <span class='ocrx_word' id='word_1_43' title='bbox 987 547 1172 586; x_wconf 83' lang='lat' dir='ltr'><strong>compara</strong></span> <span class='ocrx_word' id='word_1_44' title='bbox 1189 540 1230 574; x_wconf 87' lang='lat' dir='ltr'><strong>et</strong></span> <span class='ocrx_word' id='word_1_45' title='bbox 1251 535 1448 576; x_wconf 80' lang='lat' dir='ltr'><strong>confirma.</strong></span> <span class='ocrx_word' id='word_1_46' title='bbox 1502 536 1600 575; x_wconf 81' lang='lat' dir='ltr'><strong>Nam</strong></span> 
     </span>
     <span class='ocr_line' id='line_1_7' title="bbox 310 595 1601 662; baseline 0 -14"><span class='ocrx_word' id='word_1_47' title='bbox 310 621 384 662; x_wconf 82' lang='lat' dir='ltr'><strong>pet</strong></span> <span class='ocrx_word' id='word_1_48' title='bbox 403 608 476 648; x_wconf 81' lang='lat' dir='ltr'><strong>hos</strong></span> <span class='ocrx_word' id='word_1_49' title='bbox 496 620 617 648; x_wconf 81' lang='lat' dir='ltr'><strong>annos</strong></span> <span class='ocrx_word' id='word_1_50' title='bbox 636 607 818 647; x_wconf 85' lang='lat' dir='ltr'><strong>homines</strong></span> <span class='ocrx_word' id='word_1_51' title='bbox 839 606 1035 647; x_wconf 82' lang='lat' dir='ltr'><strong>ambitiosi</strong></span> <span class='ocrx_word' id='word_1_52' title='bbox 1061 607 1316 647; x_wconf 84' lang='lat' dir='ltr'><strong>vehementer</strong></span> <span class='ocrx_word' id='word_1_53' title='bbox 1338 608 1448 648; x_wconf 90' lang='lat' dir='ltr'><strong>omni</strong></span> <span class='ocrx_word' id='word_1_54' title='bbox 1471 595 1601 648; x_wconf 88' lang='lat' dir='ltr'><strong>studio</strong></span> 
     </span>
     <span class='ocr_line' id='line_1_8' title="bbox 310 681 1599 735; baseline 0.001 -14"><span class='ocrx_word' id='word_1_55' title='bbox 310 688 431 735; x_wconf 81' lang='lat' dir='ltr'><strong>atque</strong></span> <span class='ocrx_word' id='word_1_56' title='bbox 460 694 580 734; x_wconf 84' lang='lat' dir='ltr'><strong>opera</strong></span> <span class='ocrx_word' id='word_1_57' title='bbox 610 681 886 730; x_wconf 82' lang='lat' dir='ltr'><strong>elaborarunt,</strong></span> <span class='ocrx_word' id='word_1_58' title='bbox 919 687 965 720; x_wconf 88' lang='lat' dir='ltr'><strong>ut</strong></span> <span class='ocrx_word' id='word_1_59' title='bbox 994 687 1148 734; x_wconf 61' lang='lat' dir='ltr'><strong>poment</strong></span> <span class='ocrx_word' id='word_1_60' title='bbox 1173 694 1196 721; x_wconf 85' lang='lat' dir='ltr'><strong>a</strong></span> <span class='ocrx_word' id='word_1_61' title='bbox 1217 681 1431 720; x_wconf 80' lang='lat' dir='ltr'><strong>tribulibus</strong></span> <span class='ocrx_word' id='word_1_62' title='bbox 1453 682 1534 721; x_wconf 81' lang='lat' dir='ltr'><strong>suis</strong></span> <span class='ocrx_word' id='word_1_63' title='bbox 1552 696 1599 722; x_wconf 85' lang='lat' dir='ltr'><strong>ea</strong></span> 
     </span>
     <span class='ocr_line' id='line_1_9' title="bbox 312 754 1600 808; baseline 0.001 -14"><span class='ocrx_word' id='word_1_64' title='bbox 312 768 417 808; x_wconf 74' lang='lat' dir='ltr'><strong>quae</strong></span> <span class='ocrx_word' id='word_1_65' title='bbox 439 759 620 808; x_wconf 84' lang='lat' dir='ltr'><strong>peterent</strong></span> <span class='ocrx_word' id='word_1_66' title='bbox 643 754 865 807; x_wconf 78' lang='lat' dir='ltr'><strong>impetrare.</strong></span> <span class='ocrx_word' id='word_1_67' title='bbox 920 754 994 794; x_wconf 84' lang='lat' dir='ltr'><strong>Hos</strong></span> <span class='ocrx_word' id='word_1_68' title='bbox 1015 760 1062 794; x_wconf 86' lang='lat' dir='ltr'><strong>tu</strong></span> <span class='ocrx_word' id='word_1_69' title='bbox 1079 754 1260 795; x_wconf 86' lang='lat' dir='ltr'><strong>homines</strong></span> <span class='ocrx_word' id='word_1_70' title='bbox 1281 755 1600 807; x_wconf 84' lang='lat' dir='ltr'><strong>quibuscumque</strong></span> 
     </span>
     <span class='ocr_line' id='line_1_10' title="bbox 311 827 1600 880; baseline 0.001 -13"><span class='ocrx_word' id='word_1_71' title='bbox 311 828 458 880; x_wconf 85' lang='lat' dir='ltr'><strong>poteris</strong></span> <span class='ocrx_word' id='word_1_72' title='bbox 485 828 729 876; x_wconf 78' lang='lat' dir='ltr'><strong>rationibus,</strong></span> <span class='ocrx_word' id='word_1_73' title='bbox 758 833 805 866; x_wconf 84' lang='lat' dir='ltr'><strong>ut</strong></span> <span class='ocrx_word' id='word_1_74' title='bbox 833 840 883 866; x_wconf 84' lang='lat' dir='ltr'><strong>ex</strong></span> <span class='ocrx_word' id='word_1_75' title='bbox 901 827 1034 867; x_wconf 82' lang='lat' dir='ltr'><strong>animo</strong></span> <span class='ocrx_word' id='word_1_76' title='bbox 1054 833 1174 879; x_wconf 84' lang='lat' dir='ltr'><strong>atque</strong></span> <span class='ocrx_word' id='word_1_77' title='bbox 1199 841 1248 867; x_wconf 88' lang='lat' dir='ltr'><strong>ex</strong></span> <span class='ocrx_word' id='word_1_78' title='bbox 1272 828 1342 867; x_wconf 87' lang='lat' dir='ltr'><strong>illa</strong></span> <span class='ocrx_word' id='word_1_79' title='bbox 1363 841 1517 868; x_wconf 80' lang='lat' dir='ltr'><strong>summa</strong></span> <span class='ocrx_word' id='word_1_80' title='bbox 1535 842 1600 868; x_wconf 86' lang='lat' dir='ltr'><strong>vo-</strong></span> 
     </span>
     <span class='ocr_line' id='line_1_11' title="bbox 313 899 1602 950; baseline 0.001 -11"><span class='ocrx_word' id='word_1_81' title='bbox 313 901 466 941; x_wconf 84' lang='lat' dir='ltr'><strong>luntate</strong></span> <span class='ocrx_word' id='word_1_82' title='bbox 502 900 563 940; x_wconf 86' lang='lat' dir='ltr'><strong>tui</strong></span> <span class='ocrx_word' id='word_1_83' title='bbox 596 900 759 939; x_wconf 75' lang='lat' dir='ltr'><strong>studiosi</strong></span> <span class='ocrx_word' id='word_1_84' title='bbox 777 900 878 950; x_wconf 86' lang='lat' dir='ltr'><strong>sint,</strong></span> <span class='ocrx_word' id='word_1_85' title='bbox 898 901 1135 940; x_wconf 63' lang='lat' dir='ltr'><strong>elaborata„</strong></span> <span class='ocrx_word' id='word_1_86' title='bbox 1188 899 1244 939; x_wconf 86' lang='lat' dir='ltr'><strong>De</strong></span> <span class='ocrx_word' id='word_1_87' title='bbox 1266 900 1459 939; x_wconf 86' lang='lat' dir='ltr'><strong>sententia</strong></span> <span class='ocrx_word' id='word_1_88' title='bbox 1480 901 1602 940; x_wconf 88' lang='lat' dir='ltr'><strong>huius</strong></span> 
     </span>
     <span class='ocr_line' id='line_1_12' title="bbox 313 972 1599 1025; baseline -0.001 -12"><span class='ocrx_word' id='word_1_89' title='bbox 313 974 393 1013; x_wconf 91' lang='lat' dir='ltr'><strong>loci</strong></span> <span class='ocrx_word' id='word_1_90' title='bbox 425 987 475 1013; x_wconf 82' lang='lat' dir='ltr'><strong>ex</strong></span> <span class='ocrx_word' id='word_1_91' title='bbox 505 973 590 1025; x_wconf 82' lang='lat' dir='ltr'><strong>ipso</strong></span> <span class='ocrx_word' id='word_1_92' title='bbox 611 973 682 1012; x_wconf 92' lang='lat' dir='ltr'><strong>illo</strong></span> <span class='ocrx_word' id='word_1_93' title='bbox 704 972 957 1024; x_wconf 86' lang='lat' dir='ltr'><strong>praecedenti</strong></span> <span class='ocrx_word' id='word_1_94' title='bbox 979 973 1007 1012; x_wconf 94' lang='grc'><strong>1.</strong></span> <span class='ocrx_word' id='word_1_95' title='bbox 1032 972 1150 1011; x_wconf 87' lang='lat' dir='ltr'><strong>debet</strong></span> <span class='ocrx_word' id='word_1_96' title='bbox 1173 978 1348 1012; x_wconf 77' lang='lat' dir='ltr'><strong>constare</strong></span> <span class='ocrx_word' id='word_1_97' title='bbox 1360 989 1370 1023; x_wconf 80' lang='lat'>3</span> <span class='ocrx_word' id='word_1_98' title='bbox 1400 973 1520 1012; x_wconf 88' lang='lat' dir='ltr'><strong>dicit:</strong></span> <span class='ocrx_word' id='word_1_99' title='bbox 1548 973 1599 1012; x_wconf 84' lang='lat' dir='ltr'><strong>ad</strong></span> 
     </span>
     <span class='ocr_line' id='line_1_13' title="bbox 313 1045 1597 1098; baseline 0.001 -14"><span class='ocrx_word' id='word_1_100' title='bbox 313 1045 606 1085; x_wconf 87' lang='lat' dir='ltr'><strong>conficiendum</strong></span> <span class='ocrx_word' id='word_1_101' title='bbox 639 1045 859 1095; x_wconf 81' lang='lat' dir='ltr'><strong>centurias,</strong></span> <span class='ocrx_word' id='word_1_102' title='bbox 899 1045 943 1084; x_wconf 91' lang='lat' dir='ltr'><strong>id</strong></span> <span class='ocrx_word' id='word_1_103' title='bbox 972 1051 1030 1085; x_wconf 87' lang='lat' dir='ltr'><strong>est</strong></span> <span class='ocrx_word' id='word_1_104' title='bbox 1059 1045 1110 1085; x_wconf 84' lang='lat' dir='ltr'><strong>ad</strong></span> <span class='ocrx_word' id='word_1_105' title='bbox 1132 1045 1418 1096; x_wconf 82' lang='lat' dir='ltr'><strong>conciliandas,</strong></span> <span class='ocrx_word' id='word_1_106' title='bbox 1444 1059 1597 1098; x_wconf 86' lang='lat' dir='ltr'><strong>compa·</strong></span> 
     </span>
     <span class='ocr_line' id='line_1_14' title="bbox 312 1117 1596 1169; baseline 0 -10"><span class='ocrx_word' id='word_1_107' title='bbox 312 1118 455 1159; x_wconf 82' lang='lat' dir='ltr'><strong>randas</strong></span> <span class='ocrx_word' id='word_1_108' title='bbox 483 1117 681 1156; x_wconf 88' lang='lat' dir='ltr'><strong>centurias</strong></span> <span class='ocrx_word' id='word_1_109' title='bbox 703 1117 782 1169; x_wconf 89' lang='lat'><strong>(2),</strong></span> <span class='ocrx_word' id='word_1_110' title='bbox 817 1118 1035 1157; x_wconf 84' lang='lat' dir='ltr'><strong>adhibendi</strong></span> <span class='ocrx_word' id='word_1_111' title='bbox 1070 1124 1161 1157; x_wconf 82' lang='lat' dir='ltr'><strong>sunt</strong></span> <span class='ocrx_word' id='word_1_112' title='bbox 1190 1117 1370 1158; x_wconf 81' lang='lat' dir='ltr'><strong>homines</strong></span> <span class='ocrx_word' id='word_1_113' title='bbox 1391 1120 1453 1158; x_wconf 83' lang='lat' dir='ltr'><strong>illi</strong></span> <span class='ocrx_word' id='word_1_114' title='bbox 1475 1120 1596 1159; x_wconf 83' lang='lat' dir='ltr'><strong>ambi-</strong></span> 
     </span>
     <span class='ocr_line' id='line_1_15' title="bbox 309 1188 1598 1244; baseline 0.001 -15"><span class='ocrx_word' id='word_1_115' title='bbox 309 1191 419 1240; x_wconf 85' lang='lat' dir='ltr'><strong>tiosi,</strong></span> <span class='ocrx_word' id='word_1_116' title='bbox 441 1190 514 1242; x_wconf 87' lang='lat' dir='ltr'><strong>qui</strong></span> <span class='ocrx_word' id='word_1_117' title='bbox 535 1202 584 1229; x_wconf 91' lang='lat' dir='ltr'><strong>eo</strong></span> <span class='ocrx_word' id='word_1_118' title='bbox 606 1189 714 1241; x_wconf 88' lang='lat' dir='ltr'><strong>ipso,</strong></span> <span class='ocrx_word' id='word_1_119' title='bbox 741 1188 850 1240; x_wconf 83' lang='lat' dir='ltr'><strong>quod</strong></span> <span class='ocrx_word' id='word_1_120' title='bbox 872 1189 1040 1229; x_wconf 71' lang='lat' dir='ltr'><strong>honores</strong></span> <span class='ocrx_word' id='word_1_121' title='bbox 1061 1190 1294 1241; x_wconf 77' lang='lat' dir='ltr'><strong>petiverint,</strong></span> <span class='ocrx_word' id='word_1_122' title='bbox 1322 1191 1471 1230; x_wconf 77' lang='lat' dir='ltr'><strong>tribum</strong></span> <span class='ocrx_word' id='word_1_123' title='bbox 1493 1192 1598 1244; x_wconf 82' lang='lat' dir='ltr'><strong>quis·</strong></span> 
     </span>
     <span class='ocr_line' id='line_1_16' title="bbox 307 1261 1596 1316; baseline 0.002 -14"><span class='ocrx_word' id='word_1_124' title='bbox 307 1276 387 1316; x_wconf 89' lang='lat' dir='ltr'><strong>que</strong></span> <span class='ocrx_word' id='word_1_125' title='bbox 422 1275 533 1302; x_wconf 80' lang='lat' dir='ltr'><strong>suam</strong></span> <span class='ocrx_word' id='word_1_126' title='bbox 568 1262 645 1301; x_wconf 89' lang='lat' dir='ltr'><strong>sibi</strong></span> <span class='ocrx_word' id='word_1_127' title='bbox 677 1261 1013 1311; x_wconf 78' lang='lat' dir='ltr'><strong>conciliaverunt,</strong></span> <span class='ocrx_word' id='word_1_128' title='bbox 1052 1261 1095 1301; x_wconf 91' lang='lat' dir='ltr'><strong>in</strong></span> <span class='ocrx_word' id='word_1_129' title='bbox 1130 1275 1200 1302; x_wconf 82' lang='lat' dir='ltr'><strong>sua</strong></span> <span class='ocrx_word' id='word_1_130' title='bbox 1234 1263 1342 1303; x_wconf 89' lang='lat' dir='ltr'><strong>tribu</strong></span> <span class='ocrx_word' id='word_1_131' title='bbox 1376 1263 1596 1314; x_wconf 87' lang='lat' dir='ltr'><strong>plurimum</strong></span> 
     </span>
     <span class='ocr_line' id='line_1_17' title="bbox 307 1334 1594 1388; baseline 0 -13"><span class='ocrx_word' id='word_1_132' title='bbox 307 1340 492 1388; x_wconf 79' lang='lat' dir='ltr'><strong>possunt,</strong></span> <span class='ocrx_word' id='word_1_133' title='bbox 518 1335 730 1374; x_wconf 81' lang='lat' dir='ltr'><strong>excellenti</strong></span> <span class='ocrx_word' id='word_1_134' title='bbox 754 1334 881 1385; x_wconf 76' lang='lat' dir='ltr'><strong>gratia</strong></span> <span class='ocrx_word' id='word_1_135' title='bbox 902 1340 1005 1374; x_wconf 83' lang='lat' dir='ltr'><strong>sunt.</strong></span> <span class='ocrx_word' id='word_1_136' title='bbox 1058 1335 1168 1373; x_wconf 83' lang='lat' dir='ltr'><strong>Tales</strong></span> <span class='ocrx_word' id='word_1_137' title='bbox 1188 1341 1321 1376; x_wconf 88' lang='lat' dir='ltr'><strong>autem</strong></span> <span class='ocrx_word' id='word_1_138' title='bbox 1344 1337 1462 1375; x_wconf 84' lang='lat' dir='ltr'><strong>multi</strong></span> <span class='ocrx_word' id='word_1_139' title='bbox 1484 1343 1594 1377; x_wconf 86' lang='lat' dir='ltr'><strong>sunt:</strong></span> 
     </span>
     <span class='ocr_line' id='line_1_18' title="bbox 312 1407 1599 1458; baseline 0.001 -10"><span class='ocrx_word' id='word_1_140' title='bbox 312 1422 406 1448; x_wconf 88' lang='lat' dir='ltr'><strong>nam</strong></span> <span class='ocrx_word' id='word_1_141' title='bbox 438 1408 502 1447; x_wconf 88' lang='lat' dir='ltr'><strong>his</strong></span> <span class='ocrx_word' id='word_1_142' title='bbox 535 1408 648 1447; x_wconf 87' lang='lat' dir='ltr'><strong>annis</strong></span> <span class='ocrx_word' id='word_1_143' title='bbox 680 1407 872 1456; x_wconf 78' lang='lat' dir='ltr'><strong>invaluit,</strong></span> <span class='ocrx_word' id='word_1_144' title='bbox 910 1412 957 1446; x_wconf 72' lang='lat' dir='ltr'><strong>ut</strong></span> <span class='ocrx_word' id='word_1_145' title='bbox 989 1407 1033 1446; x_wconf 88' lang='lat' dir='ltr'><strong>in</strong></span> <span class='ocrx_word' id='word_1_146' title='bbox 1061 1407 1200 1458; x_wconf 86' lang='lat' dir='ltr'><strong>primis</strong></span> <span class='ocrx_word' id='word_1_147' title='bbox 1233 1421 1257 1447; x_wconf 88' lang='lat' dir='ltr'><strong>a</strong></span> <span class='ocrx_word' id='word_1_148' title='bbox 1286 1408 1499 1448; x_wconf 77' lang='lat' dir='ltr'><strong>tribulibus</strong></span> <span class='ocrx_word' id='word_1_149' title='bbox 1520 1411 1599 1449; x_wconf 81' lang='lat' dir='ltr'><strong>suis</strong></span> 
     </span>
     <span class='ocr_line' id='line_1_19' title="bbox 309 1478 1596 1534; baseline 0 -14"><span class='ocrx_word' id='word_1_150' title='bbox 309 1482 479 1521; x_wconf 86' lang='lat' dir='ltr'><strong>honores</strong></span> <span class='ocrx_word' id='word_1_151' title='bbox 512 1480 588 1518; x_wconf 86' lang='lat' dir='ltr'><strong>sibi</strong></span> <span class='ocrx_word' id='word_1_152' title='bbox 615 1478 788 1518; x_wconf 83' lang='lat' dir='ltr'><strong>conferri</strong></span> <span class='ocrx_word' id='word_1_153' title='bbox 809 1479 1044 1518; x_wconf 75' lang='lat' dir='ltr'><strong>studuerint.</strong></span> <span class='ocrx_word' id='word_1_154' title='bbox 1097 1479 1153 1518; x_wconf 83' lang='lat' dir='ltr'><strong>Ex</strong></span> <span class='ocrx_word' id='word_1_155' title='bbox 1176 1480 1239 1518; x_wconf 86' lang='lat' dir='ltr'><strong>his</strong></span> <span class='ocrx_word' id='word_1_156' title='bbox 1262 1493 1348 1530; x_wconf 85' lang='lat' dir='ltr'><strong>eos,</strong></span> <span class='ocrx_word' id='word_1_157' title='bbox 1370 1482 1442 1532; x_wconf 90' lang='lat' dir='ltr'><strong>qui</strong></span> <span class='ocrx_word' id='word_1_158' title='bbox 1463 1482 1596 1534; x_wconf 77' lang='lat' dir='ltr'><strong>aliqua</strong></span> 
     </span>
     <span class='ocr_line' id='line_1_20' title="bbox 309 1551 1596 1606; baseline 0.002 -14"><span class='ocrx_word' id='word_1_159' title='bbox 309 1553 461 1592; x_wconf 83' lang='lat' dir='ltr'><strong>ratione</strong></span> <span class='ocrx_word' id='word_1_160' title='bbox 495 1552 570 1591; x_wconf 87' lang='lat' dir='ltr'><strong>tibi</strong></span> <span class='ocrx_word' id='word_1_161' title='bbox 603 1551 780 1590; x_wconf 84' lang='lat' dir='ltr'><strong>devincti</strong></span> <span class='ocrx_word' id='word_1_162' title='bbox 809 1556 925 1601; x_wconf 88' lang='lat' dir='ltr'><strong>sunt,</strong></span> <span class='ocrx_word' id='word_1_163' title='bbox 951 1556 1113 1603; x_wconf 83' lang='lat' dir='ltr'><strong>accepto</strong></span> <span class='ocrx_word' id='word_1_164' title='bbox 1139 1551 1332 1592; x_wconf 81' lang='lat' dir='ltr'><strong>beneficio</strong></span> <span class='ocrx_word' id='word_1_165' title='bbox 1354 1554 1420 1592; x_wconf 83' lang='lat' dir='ltr'><strong>vel</strong></span> <span class='ocrx_word' id='word_1_166' title='bbox 1440 1568 1508 1606; x_wconf 81' lang='lat' dir='ltr'><strong>spe</strong></span> <span class='ocrx_word' id='word_1_167' title='bbox 1530 1555 1596 1594; x_wconf 89' lang='lat' dir='ltr'><strong>be·</strong></span> 
     </span>
     <span class='ocr_line' id='line_1_21' title="bbox 306 1624 1596 1676; baseline 0.001 -11"><span class='ocrx_word' id='word_1_168' title='bbox 306 1626 439 1666; x_wconf 85' lang='lat' dir='ltr'><strong>neficii</strong></span> <span class='ocrx_word' id='word_1_169' title='bbox 466 1624 687 1676; x_wconf 83' lang='lat' dir='ltr'><strong>accipiendi</strong></span> <span class='ocrx_word' id='word_1_170' title='bbox 700 1654 712 1674; x_wconf 88' lang='lat'><strong><em>,</em></strong></span> <span class='ocrx_word' id='word_1_171' title='bbox 740 1624 813 1662; x_wconf 77' lang='lat' dir='ltr'><strong>tibi</strong></span> <span class='ocrx_word' id='word_1_172' title='bbox 843 1637 1038 1675; x_wconf 81' lang='lat' dir='ltr'><strong>compara.</strong></span> <span class='ocrx_word' id='word_1_173' title='bbox 1092 1624 1234 1675; x_wconf 88' lang='lat' dir='ltr'><strong>Liquet</strong></span> <span class='ocrx_word' id='word_1_174' title='bbox 1256 1625 1357 1675; x_wconf 84' lang='lat' dir='ltr'><strong>iam,</strong></span> <span class='ocrx_word' id='word_1_175' title='bbox 1384 1625 1454 1665; x_wconf 83' lang='lat' dir='ltr'><strong>illa</strong></span> <span class='ocrx_word' id='word_1_176' title='bbox 1475 1627 1596 1667; x_wconf 80' lang='lat' dir='ltr'><strong>verba</strong></span> 
     </span>
     <span class='ocr_line' id='line_1_22' title="bbox 308 1697 1598 1750; baseline -0.001 -11"><span class='ocrx_word' id='word_1_177' title='bbox 308 1700 360 1739; x_wconf 78' lang='lat' dir='ltr'><strong>ud</strong></span> <span class='ocrx_word' id='word_1_178' title='bbox 392 1698 676 1750; x_wconf 73' lang='lat' dir='ltr'><strong>conficiendum</strong></span> <span class='ocrx_word' id='word_1_179' title='bbox 709 1710 835 1747; x_wconf 83' lang='lat' dir='ltr'><strong>usque</strong></span> <span class='ocrx_word' id='word_1_180' title='bbox 868 1697 920 1735; x_wconf 84' lang='lat' dir='ltr'><strong>ad</strong></span> <span class='ocrx_word' id='word_1_181' title='bbox 954 1710 1132 1748; x_wconf 82' lang='lat' dir='ltr'><strong>compara</strong></span> <span class='ocrx_word' id='word_1_182' title='bbox 1166 1705 1202 1734; x_wconf 76' lang='lat' dir='ltr'><strong>et</strong></span> <span class='ocrx_word' id='word_1_183' title='bbox 1236 1698 1441 1748; x_wconf 76' lang='lat' dir='ltr'><strong>confirma,</strong></span> <span class='ocrx_word' id='word_1_184' title='bbox 1477 1713 1598 1738; x_wconf 82' lang='lat' dir='ltr'><strong>unam</strong></span> 
     </span>
     <span class='ocr_line' id='line_1_23' title="bbox 312 1766 1600 1823; baseline 0 -13"><span class='ocrx_word' id='word_1_185' title='bbox 312 1783 393 1810; x_wconf 84' lang='lat' dir='ltr'><strong>esse</strong></span> <span class='ocrx_word' id='word_1_186' title='bbox 416 1766 668 1817; x_wconf 82' lang='lat' dir='ltr'><strong>sententiam,</strong></span> <span class='ocrx_word' id='word_1_187' title='bbox 695 1767 765 1807; x_wconf 90' lang='lat' dir='ltr'><strong>sed</strong></span> <span class='ocrx_word' id='word_1_188' title='bbox 784 1781 887 1820; x_wconf 83' lang='lat' dir='ltr'><strong>quae</strong></span> <span class='ocrx_word' id='word_1_189' title='bbox 909 1781 1029 1820; x_wconf 81' lang='lat' dir='ltr'><strong>prava</strong></span> <span class='ocrx_word' id='word_1_190' title='bbox 1048 1768 1375 1821; x_wconf 75' lang='lat' dir='ltr'><strong>‚interpunctione</strong></span> <span class='ocrx_word' id='word_1_191' title='bbox 1397 1775 1436 1809; x_wconf 84' lang='lat' dir='ltr'><strong>et</strong></span> <span class='ocrx_word' id='word_1_192' title='bbox 1455 1769 1600 1823; x_wconf 70' lang='lat' dir='ltr'><strong>insigni</strong></span> 
     </span>
     <span class='ocr_line' id='line_1_24' title="bbox 311 1841 1598 1895; baseline 0.001 -13"><span class='ocrx_word' id='word_1_193' title='bbox 311 1842 536 1894; x_wconf 80' lang='lat' dir='ltr'><strong>corruptela</strong></span> <span class='ocrx_word' id='word_1_194' title='bbox 557 1841 751 1892; x_wconf 71' lang='lat' dir='ltr'><strong>discerpta</strong></span> <span class='ocrx_word' id='word_1_195' title='bbox 773 1847 842 1880; x_wconf 84' lang='lat' dir='ltr'><strong>est.</strong></span> <span class='ocrx_word' id='word_1_196' title='bbox 877 1841 1093 1880; x_wconf 84' lang='lat' dir='ltr'><strong>Offendunt</strong></span> <span class='ocrx_word' id='word_1_197' title='bbox 1115 1842 1159 1879; x_wconf 92' lang='lat' dir='ltr'><strong>in</strong></span> <span class='ocrx_word' id='word_1_198' title='bbox 1177 1841 1256 1881; x_wconf 87' lang='lat' dir='ltr'><strong>illis</strong></span> <span class='ocrx_word' id='word_1_199' title='bbox 1274 1843 1419 1881; x_wconf 77' lang='lat' dir='ltr'><strong>verbis:</strong></span> <span class='ocrx_word' id='word_1_200' title='bbox 1441 1845 1512 1895; x_wconf 79' lang='lat' dir='ltr'><strong>qui</strong></span> <span class='ocrx_word' id='word_1_201' title='bbox 1528 1844 1598 1883; x_wconf 68' lang='lat' dir='ltr'><strong>aba</strong></span> 
     </span>
     <span class='ocr_line' id='line_1_25' title="bbox 310 1914 1600 1966; baseline 0 -11"><span class='ocrx_word' id='word_1_202' title='bbox 310 1924 345 1955; x_wconf 75' lang='lat' dir='ltr'><strong>te</strong></span> <span class='ocrx_word' id='word_1_203' title='bbox 382 1916 526 1955; x_wconf 77' lang='lat' dir='ltr'><strong>tribum</strong></span> <span class='ocrx_word' id='word_1_204' title='bbox 558 1923 626 1953; x_wconf 77' lang='lat' dir='ltr'><strong>aut</strong></span> <span class='ocrx_word' id='word_1_205' title='bbox 654 1915 870 1953; x_wconf 76' lang='lat' dir='ltr'><strong>centuriam</strong></span> <span class='ocrx_word' id='word_1_206' title='bbox 883 1944 892 1952; x_wconf 91' lang='lat'><strong>.</strong></span> <span class='ocrx_word' id='word_1_207' title='bbox 907 1944 916 1952; x_wconf 88' lang='lat'><strong><em>.</em></strong></span> <span class='ocrx_word' id='word_1_208' title='bbox 933 1943 942 1952; x_wconf 89' lang='lat'><strong>.</strong></span> <span class='ocrx_word' id='word_1_209' title='bbox 973 1914 1165 1952; x_wconf 83' lang='lat' dir='ltr'><strong>habeant:</strong></span> <span class='ocrx_word' id='word_1_210' title='bbox 1201 1936 1224 1943; x_wconf 89' lang='lat'>-</span> <span class='ocrx_word' id='word_1_211' title='bbox 1251 1927 1344 1953; x_wconf 83' lang='lat' dir='ltr'><strong>nam</strong></span> <span class='ocrx_word' id='word_1_212' title='bbox 1371 1915 1472 1966; x_wconf 88' lang='lat' dir='ltr'><strong>quid</strong></span> <span class='ocrx_word' id='word_1_213' title='bbox 1501 1916 1600 1955; x_wconf 87' lang='lat' dir='ltr'><strong>haec</strong></span> 
     </span>
     <span class='ocr_line' id='line_1_26' title="bbox 305 1978 1596 2041; baseline 0.001 -14"><span class='ocrx_word' id='word_1_214' title='bbox 305 1978 385 2027; x_wconf 63' lang='lat' dir='ltr'><strong>sihi‘</strong></span> <span class='ocrx_word' id='word_1_215' title='bbox 417 1987 586 2031; x_wconf 77' lang='lat' dir='ltr'><strong>volunt?</strong></span> <span class='ocrx_word' id='word_1_216' title='bbox 640 1987 774 2026; x_wconf 89' lang='lat' dir='ltr'><strong>Sermo</strong></span> <span class='ocrx_word' id='word_1_217' title='bbox 808 1991 886 2035; x_wconf 87' lang='lat' dir='ltr'><strong>est,</strong></span> <span class='ocrx_word' id='word_1_218' title='bbox 922 1991 968 2024; x_wconf 86' lang='lat' dir='ltr'><strong>ut</strong></span> <span class='ocrx_word' id='word_1_219' title='bbox 999 1999 1049 2025; x_wconf 82' lang='lat' dir='ltr'><strong>ex</strong></span> <span class='ocrx_word' id='word_1_220' title='bbox 1083 1990 1190 2038; x_wconf 85' lang='lat' dir='ltr'><strong>seqq.</strong></span> <span class='ocrx_word' id='word_1_221' title='bbox 1226 1992 1387 2038; x_wconf 83' lang='lat' dir='ltr'><strong>apparet</strong></span> <span class='ocrx_word' id='word_1_222' title='bbox 1416 1986 1535 2041; x_wconf 80' lang='lat' dir='ltr'><strong>(quae</strong></span> <span class='ocrx_word' id='word_1_223' title='bbox 1556 1994 1596 2028; x_wconf 89' lang='lat' dir='ltr'><strong>et</strong></span> 
     </span>
     <span class='ocr_line' id='line_1_27' title="bbox 305 2059 1594 2114; baseline 0.001 -15"><span class='ocrx_word' id='word_1_224' title='bbox 305 2074 379 2113; x_wconf 88' lang='lat' dir='ltr'><strong>per</strong></span> <span class='ocrx_word' id='word_1_225' title='bbox 400 2073 440 2099; x_wconf 83' lang='lat' dir='ltr'><strong>v.</strong></span> <span class='ocrx_word' id='word_1_226' title='bbox 459 2073 570 2108; x_wconf 70' lang='lat' dir='ltr'><strong>nans,</strong></span> <span class='ocrx_word' id='word_1_227' title='bbox 588 2064 629 2097; x_wconf 85' lang='lat' dir='ltr'><strong>et</strong></span> <span class='ocrx_word' id='word_1_228' title='bbox 647 2059 815 2110; x_wconf 79' lang='lat' dir='ltr'><strong>repetito</strong></span> <span class='ocrx_word' id='word_1_229' title='bbox 832 2059 1003 2097; x_wconf 70' lang='lat' dir='ltr'><strong>homines</strong></span> <span class='ocrx_word' id='word_1_230' title='bbox 1022 2072 1116 2098; x_wconf 84' lang='lat' dir='ltr'><strong>cum</strong></span> <span class='ocrx_word' id='word_1_231' title='bbox 1133 2059 1315 2110; x_wconf 86' lang='lat' dir='ltr'><strong>praeced.</strong></span> <span class='ocrx_word' id='word_1_232' title='bbox 1335 2060 1594 2114; x_wconf 67' lang='lat' dir='ltr'><strong>iunguntur),</strong></span> 
     </span>
     <span class='ocr_line' id='line_1_28' title="bbox 304 2130 1594 2183; baseline 0.002 -12"><span class='ocrx_word' id='word_1_233' title='bbox 304 2133 356 2172; x_wconf 88' lang='lat' dir='ltr'><strong>de</strong></span> <span class='ocrx_word' id='word_1_234' title='bbox 378 2133 450 2182; x_wconf 92' lang='lat' dir='ltr'><strong>iis,</strong></span> <span class='ocrx_word' id='word_1_235' title='bbox 477 2131 549 2183; x_wconf 88' lang='lat' dir='ltr'><strong>qui</strong></span> <span class='ocrx_word' id='word_1_236' title='bbox 569 2144 681 2169; x_wconf 73' lang='lat' dir='ltr'><strong>suam</strong></span> <span class='ocrx_word' id='word_1_237' title='bbox 704 2131 784 2169; x_wconf 71' lang='lat' dir='ltr'><strong>sihi</strong></span> <span class='ocrx_word' id='word_1_238' title='bbox 806 2132 950 2169; x_wconf 80' lang='lat' dir='ltr'><strong>tribum</strong></span> <span class='ocrx_word' id='word_1_239' title='bbox 972 2131 1309 2183; x_wconf 82' lang='lat' dir='ltr'><strong>comparaverint,</strong></span> <span class='ocrx_word' id='word_1_240' title='bbox 1333 2130 1376 2170; x_wconf 91' lang='lat' dir='ltr'><strong>id</strong></span> <span class='ocrx_word' id='word_1_241' title='bbox 1399 2138 1477 2172; x_wconf 85' lang='lat' dir='ltr'><strong>est:</strong></span> <span class='ocrx_word' id='word_1_242' title='bbox 1505 2146 1594 2174; x_wconf 85' lang='lat' dir='ltr'><strong>eam</strong></span> 
     </span>
     <span class='ocr_line' id='line_1_29' title="bbox 300 2202 1591 2257; baseline 0 -12"><span class='ocrx_word' id='word_1_243' title='bbox 300 2206 344 2245; x_wconf 90' lang='lat' dir='ltr'><strong>in</strong></span> <span class='ocrx_word' id='word_1_244' title='bbox 379 2218 460 2257; x_wconf 86' lang='lat' dir='ltr'><strong>qua</strong></span> <span class='ocrx_word' id='word_1_245' title='bbox 495 2209 706 2243; x_wconf 83' lang='lat' dir='ltr'><strong>censentur</strong></span> <span class='ocrx_word' id='word_1_246' title='bbox 729 2202 788 2257; x_wconf 88' lang='lat'><strong>(3)</strong></span> <span class='ocrx_word' id='word_1_247' title='bbox 799 2220 810 2254; x_wconf 81' lang='lat'><em>3</em></span> <span class='ocrx_word' id='word_1_248' title='bbox 848 2209 889 2242; x_wconf 83' lang='lat' dir='ltr'><strong>et</strong></span> <span class='ocrx_word' id='word_1_249' title='bbox 910 2203 985 2243; x_wconf 85' lang='lat' dir='ltr'><strong>hac</strong></span> <span class='ocrx_word' id='word_1_250' title='bbox 1009 2203 1137 2255; x_wconf 79' lang='lat' dir='ltr'><strong>gratia</strong></span> <span class='ocrx_word' id='word_1_251' title='bbox 1159 2217 1229 2244; x_wconf 85' lang='lat' dir='ltr'><strong>sua</strong></span> <span class='ocrx_word' id='word_1_252' title='bbox 1253 2204 1314 2243; x_wconf 89' lang='lat' dir='ltr'><strong>uti</strong></span> <span class='ocrx_word' id='word_1_253' title='bbox 1332 2205 1467 2246; x_wconf 84' lang='lat' dir='ltr'><strong>velint.</strong></span> <span class='ocrx_word' id='word_1_254' title='bbox 1520 2205 1591 2245; x_wconf 80' lang='lat' dir='ltr'><strong>Hic</strong></span> 
     </span>
    </p>
   </div>
   <div class='ocr_carea' id='block_1_3' title="bbox 295 2336 1594 2547">
    <p class='ocr_par' dir='ltr' id='par_1_3' title="bbox 295 2336 1594 2547">
     <span class='ocr_line' id='line_1_30' title="bbox 345 2336 1594 2387; baseline 0.002 -15"><span class='ocrx_word' id='word_1_255' title='bbox 345 2338 402 2384; x_wconf 82' lang='lat'><strong>(1)</strong></span> <span class='ocrx_word' id='word_1_256' title='bbox 431 2339 681 2383; x_wconf 69' lang='lat' dir='ltr'><strong>confidendum</strong></span> <span class='ocrx_word' id='word_1_257' title='bbox 706 2336 836 2370; x_wconf 69' lang='lat' dir='ltr'><strong>babent</strong></span> <span class='ocrx_word' id='word_1_258' title='bbox 861 2347 982 2371; x_wconf 83' lang='lat' dir='ltr'><strong>omnes</strong></span> <span class='ocrx_word' id='word_1_259' title='bbox 1006 2336 1149 2382; x_wconf 66' lang='lat' dir='ltr'><strong>Legem.</strong></span> <span class='ocrx_word' id='word_1_260' title='bbox 1176 2344 1211 2371; x_wconf 84' lang='lat' dir='ltr'><strong>et</strong></span> <span class='ocrx_word' id='word_1_261' title='bbox 1234 2338 1311 2373; x_wconf 79' lang='lat' dir='ltr'><strong>eod.</strong></span> <span class='ocrx_word' id='word_1_262' title='bbox 1330 2339 1453 2384; x_wconf 53' lang='grc' dir='ltr'><strong>Μῆτις</strong></span> <span class='ocrx_word' id='word_1_263' title='bbox 1474 2340 1594 2387; x_wconf 67' lang='lat' dir='ltr'><strong>probat</strong></span> 
     </span>
     <span class='ocr_line' id='line_1_31' title="bbox 297 2389 1594 2439; baseline 0.002 -11"><span class='ocrx_word' id='word_1_264' title='bbox 297 2405 374 2429; x_wconf 82' lang='lat' dir='ltr'><strong>eam</strong></span> <span class='ocrx_word' id='word_1_265' title='bbox 389 2393 472 2427; x_wconf 80' lang='lat' dir='ltr'><strong>lect.</strong></span> <span class='ocrx_word' id='word_1_266' title='bbox 490 2391 627 2427; x_wconf 78' lang='lat' dir='ltr'><strong>orell.</strong></span> <span class='ocrx_word' id='word_1_267' title='bbox 721 2390 777 2436; x_wconf 75' lang='lat'><strong>(2)</strong></span> <span class='ocrx_word' id='word_1_268' title='bbox 802 2389 853 2424; x_wconf 82' lang='lat' dir='ltr'><strong>De</strong></span> <span class='ocrx_word' id='word_1_269' title='bbox 869 2390 933 2426; x_wconf 78' lang='lat' dir='ltr'><strong>lue</strong></span> <span class='ocrx_word' id='word_1_270' title='bbox 949 2392 1042 2438; x_wconf 74' lang='lat' dir='ltr'><strong>sign.</strong></span> <span class='ocrx_word' id='word_1_271' title='bbox 1059 2403 1093 2426; x_wconf 72' lang='grc' dir='ltr'><strong>τ.</strong></span> <span class='ocrx_word' id='word_1_272' title='bbox 1116 2394 1275 2437; x_wconf 74' lang='lat' dir='ltr'><strong>conficere</strong></span> <span class='ocrx_word' id='word_1_273' title='bbox 1293 2397 1481 2438; x_wconf 56' lang='lat' dir='ltr'><strong>muriae,</strong></span> <span class='ocrx_word' id='word_1_274' title='bbox 1506 2405 1594 2439; x_wconf 68' lang='lat' dir='ltr'><strong>quae</strong></span> 
     </span>
     <span class='ocr_line' id='line_1_32' title="bbox 297 2447 1592 2491; baseline 0 -7"><span class='ocrx_word' id='word_1_275' title='bbox 297 2451 401 2484; x_wconf 72' lang='lat' dir='ltr'><strong>etiam</strong></span> <span class='ocrx_word' id='word_1_276' title='bbox 417 2449 456 2482; x_wconf 86' lang='lat' dir='ltr'><strong>in</strong></span> <span class='ocrx_word' id='word_1_277' title='bbox 475 2448 594 2481; x_wconf 76' lang='lat' dir='ltr'><strong>Plano.</strong></span> <span class='ocrx_word' id='word_1_278' title='bbox 605 2448 662 2482; x_wconf 86' lang='lat'><strong>18.</strong></span> <span class='ocrx_word' id='word_1_279' title='bbox 672 2448 732 2489; x_wconf 70' lang='lat'><strong>45,</strong></span> <span class='ocrx_word' id='word_1_280' title='bbox 756 2452 790 2479; x_wconf 84' lang='lat' dir='ltr'><strong>et</strong></span> <span class='ocrx_word' id='word_1_281' title='bbox 808 2447 857 2479; x_wconf 83' lang='lat' dir='ltr'><strong>ad</strong></span> <span class='ocrx_word' id='word_1_282' title='bbox 863 2448 955 2490; x_wconf 72' lang='lat' dir='ltr'><strong>sm.</strong></span> <span class='ocrx_word' id='word_1_283' title='bbox 966 2448 1013 2482; x_wconf 82' lang='lat'><strong>11.</strong></span> <span class='ocrx_word' id='word_1_284' title='bbox 1021 2447 1082 2482; x_wconf 78' lang='lat'><strong>16.</strong></span> <span class='ocrx_word' id='word_1_285' title='bbox 1109 2449 1273 2491; x_wconf 80' lang='lat' dir='ltr'><strong>occurrit,</strong></span> <span class='ocrx_word' id='word_1_286' title='bbox 1293 2450 1366 2485; x_wconf 74' lang='lat' dir='ltr'><strong>vid.</strong></span> <span class='ocrx_word' id='word_1_287' title='bbox 1384 2449 1592 2484; x_wconf 81' lang='lat' dir='ltr'><strong>Wunder.</strong></span> 
     </span>
     <span class='ocr_line' id='line_1_33' title="bbox 295 2501 1496 2547; baseline 0.001 -8"><span class='ocrx_word' id='word_1_288' title='bbox 295 2505 335 2538; x_wconf 77' lang='lat' dir='ltr'><strong>in</strong></span> <span class='ocrx_word' id='word_1_289' title='bbox 354 2504 490 2539; x_wconf 87' lang='lat' dir='ltr'><strong>Comm.</strong></span> <span class='ocrx_word' id='word_1_290' title='bbox 510 2503 552 2537; x_wconf 74' lang='lat' dir='ltr'><strong>ad</strong></span> <span class='ocrx_word' id='word_1_291' title='bbox 571 2503 597 2537; x_wconf 88' lang='lat'><strong>1.</strong></span> <span class='ocrx_word' id='word_1_292' title='bbox 616 2503 643 2538; x_wconf 87' lang='lat'><strong>1.</strong></span> <span class='ocrx_word' id='word_1_293' title='bbox 662 2514 711 2537; x_wconf 83' lang='lat' dir='ltr'><strong>or.</strong></span> <span class='ocrx_word' id='word_1_294' title='bbox 725 2514 765 2546; x_wconf 79' lang='lat' dir='ltr'><strong>p.</strong></span> <span class='ocrx_word' id='word_1_295' title='bbox 789 2502 908 2536; x_wconf 79' lang='lat' dir='ltr'><strong>Planc.</strong></span> <span class='ocrx_word' id='word_1_296' title='bbox 1003 2502 1061 2546; x_wconf 81' lang='grc'><strong>(3)</strong></span> <span class='ocrx_word' id='word_1_297' title='bbox 1087 2501 1141 2545; x_wconf 74' lang='lat' dir='ltr'><strong>Cf.</strong></span> <span class='ocrx_word' id='word_1_298' title='bbox 1157 2515 1196 2547; x_wconf 74' lang='lat' dir='ltr'><strong>p.</strong></span> <span class='ocrx_word' id='word_1_299' title='bbox 1218 2505 1338 2539; x_wconf 78' lang='lat' dir='ltr'><strong>Plane.</strong></span> <span class='ocrx_word' id='word_1_300' title='bbox 1363 2506 1420 2540; x_wconf 79' lang='lat'><strong>15.</strong></span> <span class='ocrx_word' id='word_1_301' title='bbox 1439 2505 1496 2540; x_wconf 81' lang='lat'><strong>3⁷.</strong></span> 
     </span>
    </p>
   </div>
  </div>
 </body>
</html>
