1857 3147
918 86 969 125 66

251 216 256 223 “
297 220 401 271 parti
421 220 476 259 ita
499 232 520 258 a
540 217 748 259 candidato
765 218 875 270 quasi
894 220 1254 269 praeponebantur,
1278 233 1454 273 quosque
1473 222 1589 261 modo

295 291 531 333 decuriones
566 291 720 342 vocavi,
755 292 800 330 hi
823 296 935 331 erant
957 292 1104 332 sodales
1126 291 1205 346 (1),
1230 307 1276 333 ea
1298 294 1381 332 scil.
1403 296 1585 336 vocabuli

295 367 405 418 turpi
421 363 723 416 significatione,
747 377 868 417 quam
890 365 929 403 ei
952 365 1094 405 tribuit
1114 380 1153 405 n.
1177 365 1248 420 (2).
1282 367 1380 406 Hinc
1403 368 1587 408 sodalicia

294 439 408 478 dieta.
420 439 450 476 ii
466 444 702 487 conventus,
729 451 776 477 ea
795 439 996 478 consensio
1007 437 1086 492 (3),
1113 453 1192 491 qua
1208 440 1297 491 quis
1315 441 1588 492 cuiuscunque

298 511 423 549 tribus
440 511 638 561 homines,
654 524 737 550 non
757 516 838 549 tam
849 511 1051 561 gratim,
1070 525 1192 563 quam
1211 512 1375 563 quidem
1395 513 1588 552 terribiles

296 583 374 623 sibi
393 584 648 637 adiungeret,
665 583 738 636 qui
756 589 905 625 eeteros
923 589 1126 637 cogerent,
1147 589 1193 624 ut
1209 585 1447 645 propositam
1458 586 1510 625 de
1521 599 1586 638 pe-

297 659 417 698 cunia
436 659 659 711 pactionem
678 658 920 711 acciperent,
941 663 982 698 et
992 658 1177 710 suffragia
1186 658 1417 700 venderent.
1456 660 1587 708 Quum

297 737 431 770 autem
453 732 542 770 talis
566 732 625 770 vis
651 732 771 770 etiam
793 737 950 782 praeter
970 732 1165 783 ambitum
1187 723 1327 771 eadem
1351 732 1504 771 ratione
1526 745 1585 771 or-

296 803 522 852 dinaretur,
543 809 584 842 et
603 803 878 853 adhiberetur,
900 804 1178 845 sodaliciorum
1198 806 1350 844 crimen
1368 805 1418 845 ab
1434 805 1586 844 ambitu

298 876 527 915 distinctum
550 881 608 915 est
615 892 626 927 3
660 876 756 914 hinc
778 889 866 916 num
890 876 941 914 ab
962 890 1112 916 Ascomo
1135 882 1176 915 et
1199 877 1370 919 ambitus
1377 907 1390 927 ,
1417 882 1458 916 et
1479 877 1587 916 soda-

298 949 484 990 liciorum
493 979 505 998 ,
524 954 565 988 et
585 948 636 988 de
654 949 695 987 vi
707 947 775 1002 (ob
793 962 950 988 omnm
961 947 1135 1001 caesum)
1146 950 1361 1001 postulatus
1370 949 1489 989 fuisse
1501 963 1587 989 nar-

296 1028 409 1063 ratur
430 1020 503 1078 (4).
557 1021 634 1063 Sed
665 1027 828 1075 propter
862 1022 1130 1075 largitionem,
1167 1029 1207 1063 et
1241 1024 1473 1076 petitionem
1495 1038 1588 1064 cum

298 1109 347 1134 ea
367 1096 638 1144 coniunctam,
673 1105 750 1132 nec
780 1095 989 1146 separatim
1020 1096 1071 1134 ab
1099 1095 1252 1135 ambitu
1274 1095 1326 1136 de
1349 1109 1398 1136 eo
1418 1097 1587 1136 crimine

296 1169 338 1206 in
373 1168 566 1219 petitione
598 1167 766 1206 admisso
799 1168 1008 1218 agebatur,
1046 1180 1122 1206 nec
1155 1169 1199 1206 in
1233 1169 1404 1207 ambitus
1436 1169 1587 1208 iudicio

295 1241 382 1280 eius
416 1239 573 1294 (utpote
605 1239 779 1278 distincti
808 1253 831 1278 a
861 1224 1056 1291 pecuniae
1089 1239 1313 1292 largitione)
1347 1242 1448 1280 ratio
1470 1241 1587 1281 habe-

294 1313 432 1364 batur3
470 1312 570 1351 adeo
594 1317 639 1350 ut
662 1311 734 1350 diu
761 1311 847 1350 fere
877 1312 1074 1362 impunita
1092 1311 1244 1351 fuerint
1267 1313 1359 1352 talia
1381 1313 1583 1364 sodalicia3

296 1385 426 1425 donec
447 1384 609 1424 tandem
632 1383 847 1422 distinctim
870 1382 922 1422 de
944 1383 992 1422 iis
1014 1383 1080 1423 lex
1098 1383 1249 1423 Licinia
1268 1385 1348 1424 lata
1366 1385 1415 1424 sit
1438 1399 1473 1424 a.
1497 1385 1588 1425 693.

262 1441 266 1445 .
296 1457 549 1500 Coniunctim
580 1461 714 1496 autem
745 1456 844 1495 haec
875 1456 1008 1521 ommia
1038 1456 1081 1494 in
1107 1456 1261 1495 ambitu
1289 1470 1422 1509 operae
1443 1472 1589 1510 campe·

294 1539 409 1579 seres,
436 1530 480 1568 in
503 1530 564 1579 vi,
592 1529 819 1577 conductae,
845 1530 1060 1567 concitatae
1083 1528 1213 1568 dictae
1233 1529 1400 1568 fuerunt
1419 1528 1490 1582 (5).

347 1603 397 1641 Ut
419 1607 554 1641 autem
580 1601 814 1653 competitor
847 1605 998 1641 ceteros
1028 1600 1172 1640 melius
1205 1601 1401 1652 vinceret,
1441 1603 1589 1642 solebat

294 1687 390 1714 cum
411 1688 495 1713 uno
518 1686 677 1722 eorum,
704 1685 826 1724 quem
848 1672 1020 1711 maxime
1044 1673 1177 1712 valere
1201 1673 1347 1712 sciebat
1357 1703 1369 1723 ,
1396 1674 1500 1713 inire
1520 1687 1586 1726 pa-

296 1748 488 1796 ctionem,
511 1760 593 1798 qua
612 1746 756 1796 tribus,
780 1759 877 1797 quas
896 1746 1065 1796 quisque
1085 1745 1160 1784 sibi
1178 1759 1418 1798 quacunque
1437 1748 1590 1787 ratione

295 1825 521 1873 paraverat,
544 1819 650 1858 inter
672 1812 714 1858 se
736 1819 1025 1870 coniungerent
1048 1819 1122 1869 ita,
1147 1819 1255 1858 utin
1278 1832 1359 1872 qua
1382 1833 1486 1860 unus
1505 1826 1591 1861 erat

295 1895 502 1946 gratiosus,
530 1893 645 1932 alteri
669 1905 830 1944 quoque
854 1892 1155 1943 suffragan-etun
1179 1893 1223 1930 in
1242 1905 1322 1943 qua
1341 1893 1459 1943 alter,
1483 1894 1591 1932 illius

295 1968 419 2007 etiam
440 1980 588 2006 nomen
610 1966 770 2017 tabulae
788 1965 964 2005 adderet.
985 1988 1008 1994 -
1025 1965 1065 2004 Si
1085 1978 1180 2004 vero
1196 1965 1273 2004 hac
1289 1965 1461 2014 ratione,
1479 1978 1590 2005 suam

296 2046 452 2079 tantum
469 2039 638 2088 tribum,
656 2039 700 2077 in
716 2052 797 2090 qua
812 2039 1065 2087 censebatur,
1088 2038 1154 2077 vel
1172 2039 1217 2076 in
1236 2050 1317 2089 qua
1334 2037 1588 2078 multum‘va-

293 2112 421 2162 lebat,
443 2111 629 2163 precibus
652 2116 690 2149 et
713 2111 840 2162 gratia
858 2115 1124 2150 commoveret
1143 2109 1390 2161 candidatus,
1411 2116 1456 2150 ut
1468 2111 1589 2150 etiam

290 2186 388 2226 huic
423 2185 488 2224 vel
520 2184 582 2223 illi
611 2198 660 2223 ex
688 2184 1011 2236 competitoribus
1032 2183 1265 2235 suffragium
1287 2197 1404 2224 suum
1425 2185 1590 2224 tribules

338 2322 393 2368 (1)
422 2324 482 2357 Pr.
512 2323 634 2356 Plane.
664 2322 721 2355 19.
749 2321 807 2354 47.
842 2320 1114 2355 »sodaliciorum
1142 2322 1313 2356 tribuario
1341 2324 1481 2356 crimine
1508 2324 1533 2355 i.
1558 2333 1589 2355 e.

288 2380 434 2413 erimine
444 2375 1121 2424 corruptarumpersodaliciatribuum.''
1192 2377 1246 2422 (2)
1267 2375 1392 2412 39246.
1450 2378 1506 2423 (3)
1529 2378 1588 2410 Pr.

292 2436 410 2468 Plane.
438 2434 498 2468 15.
525 2434 583 2466 37.
677 2432 731 2477 (4)
761 2431 813 2466 Ad
835 2432 959 2466 Milon.
990 2446 1025 2478 p.
1053 2432 1108 2465 40.
1205 2434 1259 2478 (5)
1285 2433 1404 2469 Suet.
1437 2435 1509 2468 Oct.
1539 2435 1585 2475 3,

291 2489 382 2523 Cic.
400 2502 436 2531 p.
462 2489 555 2522 Sext.
576 2489 620 2521 1⁷
641 2495 673 2520 et
692 2488 749 2520 30.
