<?xml version="1.0" encoding="UTF-8"?>
<!DOCTYPE html PUBLIC "-//W3C//DTD XHTML 1.0 Transitional//EN"
    "http://www.w3.org/TR/xhtml1/DTD/xhtml1-transitional.dtd">
<html xmlns="http://www.w3.org/1999/xhtml" xml:lang="en" lang="en">
 <head>
  <title>
</title>
<meta http-equiv="Content-Type" content="text/html;charset=utf-8" />
  <meta name='ocr-system' content='tesseract 3.04.00' />
  <meta name='ocr-capabilities' content='ocr_page ocr_carea ocr_par ocr_line ocrx_word'/>
</head>
<body>
  <div class='ocr_page' id='page_1' title='image "4737851_0068.png"; bbox 0 0 1857 3147; ppageno 0'>
   <div class='ocr_carea' id='block_1_1' title="bbox 921 142 969 180">
    <p class='ocr_par' dir='ltr' id='par_1_1' title="bbox 921 142 969 180">
     <span class='ocr_line' id='line_1_1' title="bbox 921 142 969 180; baseline 0 0"><span class='ocrx_word' id='word_1_1' title='bbox 921 142 969 180; x_wconf 88' lang='lat'>52</span> 
     </span>
    </p>
   </div>
   <div class='ocr_carea' id='block_1_2' title="bbox 300 274 1591 622">
    <p class='ocr_par' dir='ltr' id='par_1_2' title="bbox 300 274 1591 622">
     <span class='ocr_line' id='line_1_2' title="bbox 303 274 1585 326; baseline 0.002 -10"><span class='ocrx_word' id='word_1_2' title='bbox 303 278 446 317; x_wconf 75' lang='lat' dir='ltr'>mn‘am</span> <span class='ocrx_word' id='word_1_3' title='bbox 458 306 470 326; x_wconf 91' lang='lat'><em>‚</em></span> <span class='ocrx_word' id='word_1_4' title='bbox 509 275 616 315; x_wconf 89' lang='lat' dir='ltr'>unde</span> <span class='ocrx_word' id='word_1_5' title='bbox 650 274 809 314; x_wconf 78' lang='lat' dir='ltr'>tandem</span> <span class='ocrx_word' id='word_1_6' title='bbox 841 280 1078 314; x_wconf 80' lang='lat' dir='ltr'><strong>correctores</strong></span> <span class='ocrx_word' id='word_1_7' title='bbox 1114 277 1255 316; x_wconf 77' lang='lat' dir='ltr'><strong><em>tribum</em></strong></span> <span class='ocrx_word' id='word_1_8' title='bbox 1285 285 1353 317; x_wconf 78' lang='lat' dir='ltr'>aut</span> <span class='ocrx_word' id='word_1_9' title='bbox 1375 281 1585 321; x_wconf 73' lang='lat' dir='ltr'>centuriam</span> 
     </span>
     <span class='ocr_line' id='line_1_3' title="bbox 301 346 1587 403; baseline 0.003 -13"><span class='ocrx_word' id='word_1_10' title='bbox 301 351 581 398; x_wconf 81' lang='lat' dir='ltr'>confecerunt,</span> <span class='ocrx_word' id='word_1_11' title='bbox 604 355 741 389; x_wconf 79' lang='lat' dir='ltr'>exorta</span> <span class='ocrx_word' id='word_1_12' title='bbox 762 353 863 387; x_wconf 84' lang='lat' dir='ltr'>sunt.</span> <span class='ocrx_word' id='word_1_13' title='bbox 903 348 1003 388; x_wconf 82' lang='lat' dir='ltr'>Hinc</span> <span class='ocrx_word' id='word_1_14' title='bbox 1021 350 1134 388; x_wconf 84' lang='lat' dir='ltr'>toties</span> <span class='ocrx_word' id='word_1_15' title='bbox 1152 350 1255 390; x_wconf 90' lang='lat' dir='ltr'>illud</span> <span class='ocrx_word' id='word_1_16' title='bbox 1272 352 1483 403; x_wconf 86' lang='lat' dir='ltr'>repetitum</span> <span class='ocrx_word' id='word_1_17' title='bbox 1503 346 1587 403; x_wconf 67' lang='lat' dir='ltr'>eut,</span> 
     </span>
     <span class='ocr_line' id='line_1_4' title="bbox 302 419 1591 477; baseline 0.001 -13"><span class='ocrx_word' id='word_1_18' title='bbox 302 424 413 476; x_wconf 88' lang='lat' dir='ltr'>quod</span> <span class='ocrx_word' id='word_1_19' title='bbox 442 435 554 463; x_wconf 84' lang='lat' dir='ltr'>aures</span> <span class='ocrx_word' id='word_1_20' title='bbox 587 421 667 474; x_wconf 78' lang='lat' dir='ltr'>iam</span> <span class='ocrx_word' id='word_1_21' title='bbox 704 421 920 462; x_wconf 81' lang='lat' dir='ltr'>offenderat</span> <span class='ocrx_word' id='word_1_22' title='bbox 941 419 1000 474; x_wconf 90' lang='grc'>(1)</span> <span class='ocrx_word' id='word_1_23' title='bbox 1006 452 1018 471; x_wconf 87' lang='lat'><em>,</em></span> <span class='ocrx_word' id='word_1_24' title='bbox 1044 423 1191 462; x_wconf 81' lang='lat' dir='ltr'>exstitit</span> <span class='ocrx_word' id='word_1_25' title='bbox 1203 440 1214 474; x_wconf 80' lang='lat'><em>3</em></span> <span class='ocrx_word' id='word_1_26' title='bbox 1249 430 1289 463; x_wconf 85' lang='lat' dir='ltr'>et</span> <span class='ocrx_word' id='word_1_27' title='bbox 1310 425 1405 463; x_wconf 89' lang='lat' dir='ltr'>hinc</span> <span class='ocrx_word' id='word_1_28' title='bbox 1430 438 1591 477; x_wconf 79' lang='lat' dir='ltr'>quoque</span> 
     </span>
     <span class='ocr_line' id='line_1_5' title="bbox 301 495 1584 546; baseline 0.002 -11"><span class='ocrx_word' id='word_1_29' title='bbox 301 498 452 536; x_wconf 83' lang='lat' dir='ltr'>incerta</span> <span class='ocrx_word' id='word_1_30' title='bbox 483 495 694 534; x_wconf 80' lang='lat' dir='ltr'>verborum</span> <span class='ocrx_word' id='word_1_31' title='bbox 727 496 796 533; x_wconf 65' lang='lat' dir='ltr'>aba</span> <span class='ocrx_word' id='word_1_32' title='bbox 817 503 853 533; x_wconf 82' lang='lat' dir='ltr'>te</span> <span class='ocrx_word' id='word_1_33' title='bbox 872 495 1098 546; x_wconf 82' lang='lat' dir='ltr'>collocatio,</span> <span class='ocrx_word' id='word_1_34' title='bbox 1125 497 1239 536; x_wconf 84' lang='lat' dir='ltr'>cuius</span> <span class='ocrx_word' id='word_1_35' title='bbox 1260 498 1377 537; x_wconf 83' lang='lat' dir='ltr'>aliam</span> <span class='ocrx_word' id='word_1_36' title='bbox 1394 498 1584 539; x_wconf 85' lang='lat' dir='ltr'>rationem</span> 
     </span>
     <span class='ocr_line' id='line_1_6' title="bbox 300 566 1533 622; baseline 0.002 -15"><span class='ocrx_word' id='word_1_37' title='bbox 300 582 379 607; x_wconf 91' lang='lat' dir='ltr'>non</span> <span class='ocrx_word' id='word_1_38' title='bbox 400 568 519 608; x_wconf 86' lang='lat' dir='ltr'>facile</span> <span class='ocrx_word' id='word_1_39' title='bbox 542 567 764 619; x_wconf 79' lang='lat' dir='ltr'>inveneris:</span> <span class='ocrx_word' id='word_1_40' title='bbox 793 566 914 607; x_wconf 89' lang='lat' dir='ltr'>credo</span> <span class='ocrx_word' id='word_1_41' title='bbox 937 567 1058 619; x_wconf 74' lang='lat' dir='ltr'>igitur</span> <span class='ocrx_word' id='word_1_42' title='bbox 1068 567 1081 618; x_wconf 57' lang='lat'><em>3</em></span> <span class='ocrx_word' id='word_1_43' title='bbox 1108 569 1164 608; x_wconf 82' lang='lat' dir='ltr'>sic</span> <span class='ocrx_word' id='word_1_44' title='bbox 1186 571 1376 622; x_wconf 82' lang='lat' dir='ltr'>scriptum</span> <span class='ocrx_word' id='word_1_45' title='bbox 1395 571 1533 612; x_wconf 82' lang='lat' dir='ltr'>fuisse:</span> 
     </span>
    </p>
   </div>
   <div class='ocr_carea' id='block_1_3' title="bbox 404 681 1585 789">
    <p class='ocr_par' dir='ltr' id='par_1_3' title="bbox 404 681 1585 789">
     <span class='ocr_line' id='line_1_7' title="bbox 484 681 1192 725; baseline -0.001 -4"><span class='ocrx_word' id='word_1_46' title='bbox 484 689 565 721; x_wconf 79' lang='lat' dir='ltr'>aut.</span> <span class='ocrx_word' id='word_1_47' title='bbox 590 681 761 720; x_wconf 78' lang='lat' dir='ltr'>tribuent</span> <span class='ocrx_word' id='word_1_48' title='bbox 782 682 998 720; x_wconf 63' lang='lat' dir='ltr'>centuriam</span> <span class='ocrx_word' id='word_1_49' title='bbox 1190 722 1192 725; x_wconf 62' lang='grc'>,</span> 
     </span>
     <span class='ocr_line' id='line_1_8' title="bbox 404 734 1585 789; baseline 0.001 -15"><span class='ocrx_word' id='word_1_50' title='bbox 404 736 456 774; x_wconf 82' lang='lat' dir='ltr'>ad</span> <span class='ocrx_word' id='word_1_51' title='bbox 478 734 760 787; x_wconf 76' lang='lat' dir='ltr'>conficiendum</span> <span class='ocrx_word' id='word_1_52' title='bbox 781 736 995 784; x_wconf 63' lang='lat' dir='ltr'>centwine,</span> <span class='ocrx_word' id='word_1_53' title='bbox 1019 734 1190 773; x_wconf 72' lang='lat' dir='ltr'>homines</span> <span class='ocrx_word' id='word_1_54' title='bbox 1212 735 1412 774; x_wconf 67' lang='lat' dir='ltr'>excellenti</span> <span class='ocrx_word' id='word_1_55' title='bbox 1429 738 1585 789; x_wconf 82' lang='lat' dir='ltr'>gratia,</span> 
     </span>
    </p>
   </div>
   <div class='ocr_carea' id='block_1_4' title="bbox 402 804 1585 931">
    <p class='ocr_par' dir='ltr' id='par_1_4' title="bbox 402 804 1585 931">
     <span class='ocr_line' id='line_1_9' title="bbox 402 804 1585 864; baseline 0.003 -20"><span class='ocrx_word' id='word_1_56' title='bbox 402 808 474 858; x_wconf 79' lang='lat' dir='ltr'>qui</span> <span class='ocrx_word' id='word_1_57' title='bbox 499 807 660 857; x_wconf 75' lang='lat' dir='ltr'>aliquod</span> <span class='ocrx_word' id='word_1_58' title='bbox 684 804 754 844; x_wconf 68' lang='lat' dir='ltr'>aba</span> <span class='ocrx_word' id='word_1_59' title='bbox 773 814 810 844; x_wconf 81' lang='lat' dir='ltr'>te</span> <span class='ocrx_word' id='word_1_60' title='bbox 833 806 1061 858; x_wconf 78' lang='lat' dir='ltr'>beneficium</span> <span class='ocrx_word' id='word_1_61' title='bbox 1083 814 1152 861; x_wconf 66' lang='lat' dir='ltr'>aut</span> <span class='ocrx_word' id='word_1_62' title='bbox 1165 862 1167 864; x_wconf 21' lang='grc' dir='ltr'>Ι</span> <span class='ocrx_word' id='word_1_63' title='bbox 1180 806 1344 847; x_wconf 75' lang='lat' dir='ltr'>habeant</span> <span class='ocrx_word' id='word_1_64' title='bbox 1365 816 1434 848; x_wconf 76' lang='lat' dir='ltr'>aut</span> <span class='ocrx_word' id='word_1_65' title='bbox 1455 817 1499 848; x_wconf 80' lang='lat' dir='ltr'>ut</span> <span class='ocrx_word' id='word_1_66' title='bbox 1521 809 1585 847; x_wconf 75' lang='lat' dir='ltr'>ha-</span> 
     </span>
     <span class='ocr_line' id='line_1_10' title="bbox 404 876 974 931; baseline -0.002 -15"><span class='ocrx_word' id='word_1_67' title='bbox 404 878 518 916; x_wconf 73' lang='lat' dir='ltr'>beant</span> <span class='ocrx_word' id='word_1_68' title='bbox 533 876 592 931; x_wconf 92' lang='lat'>(2)</span> <span class='ocrx_word' id='word_1_69' title='bbox 614 884 788 929; x_wconf 51' lang='lat' dir='ltr'>sperem&amp;</span> <span class='ocrx_word' id='word_1_70' title='bbox 815 889 878 915; x_wconf 69' lang='lat' dir='ltr'>eos</span> <span class='ocrx_word' id='word_1_71' title='bbox 899 882 974 915; x_wconf 85' lang='lat' dir='ltr'>cet.</span> 
     </span>
    </p>
   </div>
   <div class='ocr_carea' id='block_1_5' title="bbox 284 1003 1584 1855">
    <p class='ocr_par' dir='ltr' id='par_1_5' title="bbox 284 1003 1584 1855">
     <span class='ocr_line' id='line_1_11' title="bbox 285 1003 1583 1055; baseline 0.002 -13"><span class='ocrx_word' id='word_1_72' title='bbox 285 1030 290 1036; x_wconf 85' lang='lat'>-</span> <span class='ocrx_word' id='word_1_73' title='bbox 349 1004 508 1043; x_wconf 80' lang='lat' dir='ltr'><strong>Praeter</strong></span> <span class='ocrx_word' id='word_1_74' title='bbox 529 1003 618 1042; x_wconf 74' lang='lat' dir='ltr'>illos</span> <span class='ocrx_word' id='word_1_75' title='bbox 635 1008 768 1041; x_wconf 86' lang='lat' dir='ltr'>autem</span> <span class='ocrx_word' id='word_1_76' title='bbox 789 1015 888 1054; x_wconf 88' lang='lat' dir='ltr'>quos</span> <span class='ocrx_word' id='word_1_77' title='bbox 905 1003 985 1042; x_wconf 90' lang='lat' dir='ltr'>iam</span> <span class='ocrx_word' id='word_1_78' title='bbox 1000 1003 1271 1043; x_wconf 79' lang='lat' dir='ltr'>nominaverat</span> <span class='ocrx_word' id='word_1_79' title='bbox 1288 1017 1324 1045; x_wconf 77' lang='lat' dir='ltr'>Q.</span> <span class='ocrx_word' id='word_1_80' title='bbox 1346 1004 1583 1055; x_wconf 82' lang='lat' dir='ltr'>ambitiosos,</span> 
     </span>
     <span class='ocr_line' id='line_1_12' title="bbox 298 1065 1584 1129; baseline 0.001 -13"><span class='ocrx_word' id='word_1_81' title='bbox 298 1078 342 1116; x_wconf 83' lang='lat' dir='ltr'>in</span> <span class='ocrx_word' id='word_1_82' title='bbox 378 1077 457 1116; x_wconf 83' lang='lat' dir='ltr'>suis</span> <span class='ocrx_word' id='word_1_83' title='bbox 489 1075 672 1115; x_wconf 76' lang='lat' dir='ltr'><strong>tribubus</strong></span> <span class='ocrx_word' id='word_1_84' title='bbox 695 1074 863 1126; x_wconf 78' lang='lat' dir='ltr'>validos,</span> <span class='ocrx_word' id='word_1_85' title='bbox 890 1087 1018 1127; x_wconf 87' lang='lat' dir='ltr'>quum</span> <span class='ocrx_word' id='word_1_86' title='bbox 1039 1080 1193 1125; x_wconf 87' lang='lat' dir='ltr'>tamen,</span> <span class='ocrx_word' id='word_1_87' title='bbox 1221 1081 1414 1127; x_wconf 76' lang='lat' dir='ltr'>quantum</span> <span class='ocrx_word' id='word_1_88' title='bbox 1437 1065 1584 1129; x_wconf 85' lang='lat' dir='ltr'>posset,</span> 
     </span>
     <span class='ocr_line' id='line_1_13' title="bbox 296 1147 1582 1188; baseline 0.001 -1"><span class='ocrx_word' id='word_1_89' title='bbox 296 1162 430 1188; x_wconf 81' lang='lat' dir='ltr'>omnes</span> <span class='ocrx_word' id='word_1_90' title='bbox 460 1147 664 1186; x_wconf 78' lang='lat' dir='ltr'>centuriae</span> <span class='ocrx_word' id='word_1_91' title='bbox 689 1147 826 1185; x_wconf 82' lang='lat' dir='ltr'>multis</span> <span class='ocrx_word' id='word_1_92' title='bbox 860 1151 901 1184; x_wconf 85' lang='lat' dir='ltr'>et</span> <span class='ocrx_word' id='word_1_93' title='bbox 934 1147 1053 1186; x_wconf 76' lang='lat' dir='ltr'>variis</span> <span class='ocrx_word' id='word_1_94' title='bbox 1086 1148 1268 1186; x_wconf 77' lang='lat' dir='ltr'>amicitiis</span> <span class='ocrx_word' id='word_1_95' title='bbox 1298 1154 1424 1187; x_wconf 86' lang='lat' dir='ltr'>essent</span> <span class='ocrx_word' id='word_1_96' title='bbox 1446 1149 1582 1188; x_wconf 90' lang='lat' dir='ltr'>confir-</span> 
     </span>
     <span class='ocr_line' id='line_1_14' title="bbox 290 1218 1580 1271; baseline 0.001 -11"><span class='ocrx_word' id='word_1_97' title='bbox 290 1219 458 1260; x_wconf 86' lang='lat' dir='ltr'>mandae</span> <span class='ocrx_word' id='word_1_98' title='bbox 468 1251 480 1271; x_wconf 94' lang='lat'>‚</span> <span class='ocrx_word' id='word_1_99' title='bbox 507 1220 626 1259; x_wconf 83' lang='lat' dir='ltr'>multi</span> <span class='ocrx_word' id='word_1_100' title='bbox 648 1225 760 1259; x_wconf 84' lang='lat' dir='ltr'>erant</span> <span class='ocrx_word' id='word_1_101' title='bbox 777 1218 995 1269; x_wconf 85' lang='lat' dir='ltr'>excitandi,</span> <span class='ocrx_word' id='word_1_102' title='bbox 1012 1219 1088 1271; x_wconf 65' lang='lat' dir='ltr'>‘qui</span> <span class='ocrx_word' id='word_1_103' title='bbox 1104 1219 1181 1258; x_wconf 90' lang='lat' dir='ltr'>hoc</span> <span class='ocrx_word' id='word_1_104' title='bbox 1199 1221 1469 1260; x_wconf 79' lang='lat' dir='ltr'>centuriarum</span> <span class='ocrx_word' id='word_1_105' title='bbox 1492 1235 1580 1261; x_wconf 90' lang='lat' dir='ltr'>can-</span> 
     </span>
     <span class='ocr_line' id='line_1_15' title="bbox 290 1291 1579 1333; baseline 0.001 -1"><span class='ocrx_word' id='word_1_106' title='bbox 290 1293 427 1333; x_wconf 83' lang='lat' dir='ltr'>didato</span> <span class='ocrx_word' id='word_1_107' title='bbox 447 1291 782 1332; x_wconf 81' lang='lat' dir='ltr'>conficiendarum</span> <span class='ocrx_word' id='word_1_108' title='bbox 800 1291 1009 1331; x_wconf 87' lang='lat' dir='ltr'>consilium</span> <span class='ocrx_word' id='word_1_109' title='bbox 1027 1296 1068 1330; x_wconf 87' lang='lat' dir='ltr'>et</span> <span class='ocrx_word' id='word_1_110' title='bbox 1090 1291 1266 1331; x_wconf 84' lang='lat' dir='ltr'>studium</span> <span class='ocrx_word' id='word_1_111' title='bbox 1282 1292 1485 1333; x_wconf 83' lang='lat' dir='ltr'>haberent.</span> <span class='ocrx_word' id='word_1_112' title='bbox 1530 1294 1579 1333; x_wconf 91' lang='lat' dir='ltr'>In</span> 
     </span>
     <span class='ocr_line' id='line_1_16' title="bbox 289 1364 1579 1415; baseline 0.002 -12"><span class='ocrx_word' id='word_1_113' title='bbox 289 1367 338 1404; x_wconf 89' lang='lat' dir='ltr'>iis</span> <span class='ocrx_word' id='word_1_114' title='bbox 362 1372 496 1405; x_wconf 85' lang='lat' dir='ltr'>autem</span> <span class='ocrx_word' id='word_1_115' title='bbox 518 1377 613 1403; x_wconf 90' lang='lat' dir='ltr'>cum</span> <span class='ocrx_word' id='word_1_116' title='bbox 635 1369 797 1415; x_wconf 83' lang='lat' dir='ltr'>propter</span> <span class='ocrx_word' id='word_1_117' title='bbox 820 1377 1020 1402; x_wconf 85' lang='lat' dir='ltr'>summum</span> <span class='ocrx_word' id='word_1_118' title='bbox 1044 1364 1088 1402; x_wconf 91' lang='lat' dir='ltr'>in</span> <span class='ocrx_word' id='word_1_119' title='bbox 1110 1365 1269 1403; x_wconf 82' lang='lat' dir='ltr'>civitate</span> <span class='ocrx_word' id='word_1_120' title='bbox 1290 1365 1424 1404; x_wconf 89' lang='lat' dir='ltr'>locum</span> <span class='ocrx_word' id='word_1_121' title='bbox 1436 1395 1448 1415; x_wconf 91' lang='lat'><em>‚</em></span> <span class='ocrx_word' id='word_1_122' title='bbox 1474 1379 1579 1406; x_wconf 87' lang='lat' dir='ltr'>sena-</span> 
     </span>
     <span class='ocr_line' id='line_1_17' title="bbox 289 1435 1578 1490; baseline -0.001 -12"><span class='ocrx_word' id='word_1_123' title='bbox 289 1444 415 1487; x_wconf 80' lang='lat' dir='ltr'>tores,</span> <span class='ocrx_word' id='word_1_124' title='bbox 453 1441 615 1490; x_wconf 83' lang='lat' dir='ltr'>propter</span> <span class='ocrx_word' id='word_1_125' title='bbox 650 1436 828 1485; x_wconf 82' lang='lat' dir='ltr'>divitias,</span> <span class='ocrx_word' id='word_1_126' title='bbox 861 1441 901 1475; x_wconf 88' lang='lat' dir='ltr'>et</span> <span class='ocrx_word' id='word_1_127' title='bbox 933 1436 984 1476; x_wconf 91' lang='lat' dir='ltr'>ob</span> <span class='ocrx_word' id='word_1_128' title='bbox 1007 1435 1223 1487; x_wconf 76' lang='lat' dir='ltr'>singulares</span> <span class='ocrx_word' id='word_1_129' title='bbox 1251 1450 1337 1476; x_wconf 85' lang='lat' dir='ltr'>suas</span> <span class='ocrx_word' id='word_1_130' title='bbox 1360 1438 1578 1489; x_wconf 84' lang='lat' dir='ltr'>centurias,</span> 
     </span>
     <span class='ocr_line' id='line_1_18' title="bbox 289 1509 1577 1564; baseline 0.001 -14"><span class='ocrx_word' id='word_1_131' title='bbox 289 1512 442 1564; x_wconf 81' lang='lat' dir='ltr'>equites</span> <span class='ocrx_word' id='word_1_132' title='bbox 473 1510 694 1562; x_wconf 89' lang='lat' dir='ltr'>plurimum</span> <span class='ocrx_word' id='word_1_133' title='bbox 725 1514 903 1561; x_wconf 87' lang='lat' dir='ltr'>possent,</span> <span class='ocrx_word' id='word_1_134' title='bbox 938 1509 1113 1560; x_wconf 90' lang='lat' dir='ltr'>ipsorum</span> <span class='ocrx_word' id='word_1_135' title='bbox 1144 1509 1187 1547; x_wconf 92' lang='lat' dir='ltr'>in</span> <span class='ocrx_word' id='word_1_136' title='bbox 1209 1509 1347 1560; x_wconf 91' lang='lat' dir='ltr'>primis</span> <span class='ocrx_word' id='word_1_137' title='bbox 1369 1511 1470 1549; x_wconf 83' lang='lat' dir='ltr'>ratio</span> <span class='ocrx_word' id='word_1_138' title='bbox 1493 1517 1577 1551; x_wconf 87' lang='lat' dir='ltr'>erat</span> 
     </span>
     <span class='ocr_line' id='line_1_19' title="bbox 288 1581 1575 1636; baseline 0 -13"><span class='ocrx_word' id='word_1_139' title='bbox 288 1583 472 1623; x_wconf 78' lang='lat' dir='ltr'>habenda</span> <span class='ocrx_word' id='word_1_140' title='bbox 483 1581 554 1636; x_wconf 87' lang='lat'><strong>(3).</strong></span> <span class='ocrx_word' id='word_1_141' title='bbox 594 1582 798 1621; x_wconf 83' lang='lat' dir='ltr'>Senatores</span> <span class='ocrx_word' id='word_1_142' title='bbox 819 1587 972 1630; x_wconf 80' lang='lat' dir='ltr'>autem,</span> <span class='ocrx_word' id='word_1_143' title='bbox 995 1581 1175 1620; x_wconf 85' lang='lat' dir='ltr'>homines</span> <span class='ocrx_word' id='word_1_144' title='bbox 1198 1582 1350 1620; x_wconf 85' lang='lat' dir='ltr'>nobiles</span> <span class='ocrx_word' id='word_1_145' title='bbox 1372 1583 1437 1620; x_wconf 87' lang='lat' dir='ltr'>vel</span> <span class='ocrx_word' id='word_1_146' title='bbox 1456 1584 1575 1623; x_wconf 90' lang='lat' dir='ltr'>hono·</span> 
     </span>
     <span class='ocr_line' id='line_1_20' title="bbox 286 1653 1577 1706; baseline 0.001 -11"><span class='ocrx_word' id='word_1_147' title='bbox 286 1656 398 1695; x_wconf 84' lang='lat' dir='ltr'>ribus</span> <span class='ocrx_word' id='word_1_148' title='bbox 431 1655 477 1693; x_wconf 89' lang='lat' dir='ltr'>in</span> <span class='ocrx_word' id='word_1_149' title='bbox 511 1653 672 1693; x_wconf 84' lang='lat' dir='ltr'>civitate</span> <span class='ocrx_word' id='word_1_150' title='bbox 703 1653 878 1704; x_wconf 86' lang='lat' dir='ltr'>functos,</span> <span class='ocrx_word' id='word_1_151' title='bbox 913 1653 989 1692; x_wconf 88' lang='lat' dir='ltr'>sibi</span> <span class='ocrx_word' id='word_1_152' title='bbox 1020 1653 1235 1692; x_wconf 79' lang='lat' dir='ltr'>conciliare</span> <span class='ocrx_word' id='word_1_153' title='bbox 1258 1667 1330 1705; x_wconf 89' lang='lat' dir='ltr'>per</span> <span class='ocrx_word' id='word_1_154' title='bbox 1349 1667 1470 1706; x_wconf 79' lang='lat' dir='ltr'>quam</span> <span class='ocrx_word' id='word_1_155' title='bbox 1493 1662 1577 1696; x_wconf 86' lang='lat' dir='ltr'>erat</span> 
     </span>
     <span class='ocr_line' id='line_1_21' title="bbox 286 1725 1574 1779; baseline 0.002 -12"><span class='ocrx_word' id='word_1_156' title='bbox 286 1728 473 1767; x_wconf 86' lang='lat' dir='ltr'>difficile:</span> <span class='ocrx_word' id='word_1_157' title='bbox 508 1726 739 1778; x_wconf 81' lang='lat' dir='ltr'>praesertim</span> <span class='ocrx_word' id='word_1_158' title='bbox 752 1756 764 1776; x_wconf 89' lang='lat'><em>‚</em></span> <span class='ocrx_word' id='word_1_159' title='bbox 802 1726 835 1764; x_wconf 89' lang='lat' dir='ltr'>si</span> <span class='ocrx_word' id='word_1_160' title='bbox 860 1734 949 1765; x_wconf 84' lang='lat' dir='ltr'>&#39;non</span> <span class='ocrx_word' id='word_1_161' title='bbox 983 1725 1180 1765; x_wconf 79' lang='lat' dir='ltr'>natalibus</span> <span class='ocrx_word' id='word_1_162' title='bbox 1214 1731 1332 1779; x_wconf 87' lang='lat' dir='ltr'>atque</span> <span class='ocrx_word' id='word_1_163' title='bbox 1365 1734 1574 1779; x_wconf 84' lang='lat' dir='ltr'>parentum</span> 
     </span>
     <span class='ocr_line' id='line_1_22' title="bbox 284 1794 1570 1855; baseline 0.001 -13"><span class='ocrx_word' id='word_1_164' title='bbox 284 1801 526 1854; x_wconf 79' lang='lat' dir='ltr'>imaginihus</span> <span class='ocrx_word' id='word_1_165' title='bbox 537 1831 549 1851; x_wconf 92' lang='lat'><em>,</em></span> <span class='ocrx_word' id='word_1_166' title='bbox 575 1794 653 1839; x_wconf 38' lang='lat' dir='ltr'>sed*</span> <span class='ocrx_word' id='word_1_167' title='bbox 673 1799 752 1839; x_wconf 86' lang='lat' dir='ltr'>suis</span> <span class='ocrx_word' id='word_1_168' title='bbox 781 1799 944 1839; x_wconf 90' lang='lat' dir='ltr'>demum</span> <span class='ocrx_word' id='word_1_169' title='bbox 968 1799 1175 1840; x_wconf 86' lang='lat' dir='ltr'>curulibus</span> <span class='ocrx_word' id='word_1_170' title='bbox 1196 1801 1487 1853; x_wconf 72' lang='lat' dir='ltr'>magistratibus</span> <span class='ocrx_word' id='word_1_171' title='bbox 1507 1796 1570 1855; x_wconf 77' lang='lat' dir='ltr'>ge-</span> 
     </span>
    </p>
   </div>
   <div class='ocr_carea' id='block_1_6' title="bbox 275 1928 1577 2525">
    <p class='ocr_par' dir='ltr' id='par_1_6' title="bbox 275 1928 1577 2525">
     <span class='ocr_line' id='line_1_23' title="bbox 329 1928 1576 1979; baseline -0.003 -11"><span class='ocrx_word' id='word_1_172' title='bbox 329 1934 385 1979; x_wconf 83' lang='lat'>(1)</span> <span class='ocrx_word' id='word_1_173' title='bbox 411 1933 571 1979; x_wconf 73' lang='lat' dir='ltr'>Quamvis</span> <span class='ocrx_word' id='word_1_174' title='bbox 596 1931 689 1965; x_wconf 89' lang='lat' dir='ltr'>enim</span> <span class='ocrx_word' id='word_1_175' title='bbox 718 1928 899 1974; x_wconf 79' lang='lat' dir='ltr'>aliquoties</span> <span class='ocrx_word' id='word_1_176' title='bbox 917 1935 1063 1962; x_wconf 82' lang='lat' dir='ltr'>occurrat</span> <span class='ocrx_word' id='word_1_177' title='bbox 1090 1929 1148 1962; x_wconf 81' lang='lat' dir='ltr'>illa</span> <span class='ocrx_word' id='word_1_178' title='bbox 1167 1928 1270 1962; x_wconf 79' lang='lat' dir='ltr'>huius</span> <span class='ocrx_word' id='word_1_179' title='bbox 1289 1939 1363 1963; x_wconf 85' lang='lat' dir='ltr'>voc.</span> <span class='ocrx_word' id='word_1_180' title='bbox 1380 1931 1496 1964; x_wconf 75' lang='lat' dir='ltr'>crebra</span> <span class='ocrx_word' id='word_1_181' title='bbox 1515 1943 1576 1965; x_wconf 84' lang='lat' dir='ltr'>re-</span> 
     </span>
     <span class='ocr_line' id='line_1_24' title="bbox 282 1982 1574 2035; baseline -0.002 -13"><span class='ocrx_word' id='word_1_182' title='bbox 282 1990 404 2035; x_wconf 75' lang='lat' dir='ltr'>petitio</span> <span class='ocrx_word' id='word_1_183' title='bbox 417 2011 428 2031; x_wconf 90' lang='lat'>,</span> <span class='ocrx_word' id='word_1_184' title='bbox 460 1996 500 2021; x_wconf 84' lang='lat' dir='ltr'>ut</span> <span class='ocrx_word' id='word_1_185' title='bbox 517 1988 556 2021; x_wconf 85' lang='lat' dir='ltr'>de</span> <span class='ocrx_word' id='word_1_186' title='bbox 582 1989 671 2020; x_wconf 83' lang='lat' dir='ltr'>orat.</span> <span class='ocrx_word' id='word_1_187' title='bbox 700 1985 730 2018; x_wconf 93' lang='grc' dir='ltr'>Ῑ.</span> <span class='ocrx_word' id='word_1_188' title='bbox 748 1985 783 2018; x_wconf 84' lang='grc'>9.</span> <span class='ocrx_word' id='word_1_189' title='bbox 803 1984 861 2018; x_wconf 82' lang='grc'>35.</span> <span class='ocrx_word' id='word_1_190' title='bbox 886 1994 959 2016; x_wconf 79' lang='lat' dir='ltr'>»ne</span> <span class='ocrx_word' id='word_1_191' title='bbox 980 1989 1036 2016; x_wconf 78' lang='lat' dir='ltr'>aut</span> <span class='ocrx_word' id='word_1_192' title='bbox 1053 1983 1096 2016; x_wconf 85' lang='lat' dir='ltr'>de</span> <span class='ocrx_word' id='word_1_193' title='bbox 1117 1983 1158 2017; x_wconf 86' lang='lat' dir='ltr'>C.</span> <span class='ocrx_word' id='word_1_194' title='bbox 1179 1982 1329 2016; x_wconf 78' lang='lat' dir='ltr'>Laelii</span> <span class='ocrx_word' id='word_1_195' title='bbox 1344 2007 1355 2025; x_wconf 86' lang='grc'>,</span> <span class='ocrx_word' id='word_1_196' title='bbox 1381 1986 1485 2018; x_wconf 78' lang='lat' dir='ltr'>soceri</span> <span class='ocrx_word' id='word_1_197' title='bbox 1503 1987 1574 2020; x_wconf 89' lang='lat' dir='ltr'>mei</span> 
     </span>
     <span class='ocr_line' id='line_1_25' title="bbox 278 2037 1575 2086; baseline -0.002 -9"><span class='ocrx_word' id='word_1_198' title='bbox 278 2051 336 2078; x_wconf 76' lang='lat' dir='ltr'>aut</span> <span class='ocrx_word' id='word_1_199' title='bbox 360 2042 403 2076; x_wconf 89' lang='lat' dir='ltr'>de</span> <span class='ocrx_word' id='word_1_200' title='bbox 429 2042 533 2075; x_wconf 82' lang='lat' dir='ltr'>huius</span> <span class='ocrx_word' id='word_1_201' title='bbox 546 2064 558 2083; x_wconf 87' lang='lat'>,</span> <span class='ocrx_word' id='word_1_202' title='bbox 591 2040 708 2086; x_wconf 79' lang='lat' dir='ltr'>generi</span> <span class='ocrx_word' id='word_1_203' title='bbox 722 2064 733 2081; x_wconf 93' lang='lat'>‚</span> <span class='ocrx_word' id='word_1_204' title='bbox 765 2045 822 2072; x_wconf 77' lang='lat' dir='ltr'>aut</span> <span class='ocrx_word' id='word_1_205' title='bbox 838 2045 906 2071; x_wconf 79' lang='lat' dir='ltr'>arte</span> <span class='ocrx_word' id='word_1_206' title='bbox 927 2044 984 2070; x_wconf 86' lang='lat' dir='ltr'>aut</span> <span class='ocrx_word' id='word_1_207' title='bbox 1000 2037 1106 2082; x_wconf 80' lang='lat' dir='ltr'>gloria</span> <span class='ocrx_word' id='word_1_208' title='bbox 1124 2037 1299 2071; x_wconf 71' lang='lat' dir='ltr'>detraham</span> <span class='ocrx_word' id='word_1_209' title='bbox 1313 2037 1355 2070; x_wconf 86' lang='lat'>:&#39;’</span> <span class='ocrx_word' id='word_1_210' title='bbox 1380 2045 1494 2073; x_wconf 79' lang='lat' dir='ltr'>tamen</span> <span class='ocrx_word' id='word_1_211' title='bbox 1510 2039 1575 2074; x_wconf 89' lang='lat' dir='ltr'>hoc</span> 
     </span>
     <span class='ocr_line' id='line_1_26' title="bbox 279 2092 1574 2139; baseline -0.001 -8"><span class='ocrx_word' id='word_1_212' title='bbox 279 2098 354 2131; x_wconf 84' lang='lat' dir='ltr'>loco</span> <span class='ocrx_word' id='word_1_213' title='bbox 381 2096 560 2130; x_wconf 75' lang='lat' dir='ltr'>offendunt</span> <span class='ocrx_word' id='word_1_214' title='bbox 584 2094 644 2139; x_wconf 79' lang='lat' dir='ltr'>illa</span> <span class='ocrx_word' id='word_1_215' title='bbox 672 2097 757 2134; x_wconf 80' lang='lat' dir='ltr'>aut,</span> <span class='ocrx_word' id='word_1_216' title='bbox 790 2093 872 2137; x_wconf 79' lang='lat' dir='ltr'>quia</span> <span class='ocrx_word' id='word_1_217' title='bbox 900 2103 970 2125; x_wconf 89' lang='lat' dir='ltr'>non</span> <span class='ocrx_word' id='word_1_218' title='bbox 995 2092 1084 2126; x_wconf 82' lang='lat' dir='ltr'>bene</span> <span class='ocrx_word' id='word_1_219' title='bbox 1105 2092 1171 2126; x_wconf 81' lang='lat' dir='ltr'>sibi</span> <span class='ocrx_word' id='word_1_220' title='bbox 1191 2092 1418 2138; x_wconf 78' lang='lat' dir='ltr'>respondent:</span> <span class='ocrx_word' id='word_1_221' title='bbox 1444 2105 1524 2128; x_wconf 78' lang='lat' dir='ltr'>nam</span> <span class='ocrx_word' id='word_1_222' title='bbox 1545 2097 1574 2130; x_wconf 77' lang='lat' dir='ltr'>si</span> 
     </span>
     <span class='ocr_line' id='line_1_27' title="bbox 281 2147 1577 2198; baseline -0.002 -11"><span class='ocrx_word' id='word_1_223' title='bbox 281 2153 443 2198; x_wconf 76' lang='lat' dir='ltr'>scriptum</span> <span class='ocrx_word' id='word_1_224' title='bbox 462 2149 601 2184; x_wconf 77' lang='lat' dir='ltr'>fuisset:</span> <span class='ocrx_word' id='word_1_225' title='bbox 629 2149 691 2192; x_wconf 78' lang='lat' dir='ltr'>qui</span> <span class='ocrx_word' id='word_1_226' title='bbox 707 2148 767 2181; x_wconf 72' lang='lat' dir='ltr'>abs</span> <span class='ocrx_word' id='word_1_227' title='bbox 784 2150 814 2181; x_wconf 85' lang='lat' dir='ltr'>te</span> <span class='ocrx_word' id='word_1_228' title='bbox 833 2153 889 2180; x_wconf 76' lang='lat' dir='ltr'>aut</span> <span class='ocrx_word' id='word_1_229' title='bbox 907 2147 1034 2181; x_wconf 78' lang='lat' dir='ltr'>tribum</span> <span class='ocrx_word' id='word_1_230' title='bbox 1051 2147 1107 2182; x_wconf 75' lang='lat' dir='ltr'>vel</span> <span class='ocrx_word' id='word_1_231' title='bbox 1124 2150 1312 2182; x_wconf 75' lang='lat' dir='ltr'>centuriam</span> <span class='ocrx_word' id='word_1_232' title='bbox 1326 2173 1336 2191; x_wconf 93' lang='lat'>,</span> <span class='ocrx_word' id='word_1_233' title='bbox 1354 2153 1419 2183; x_wconf 83' lang='lat' dir='ltr'>aut</span> <span class='ocrx_word' id='word_1_234' title='bbox 1435 2152 1577 2195; x_wconf 79' lang='lat' dir='ltr'>aliquod</span> 
     </span>
     <span class='ocr_line' id='line_1_28' title="bbox 277 2202 1573 2252; baseline 0 -12"><span class='ocrx_word' id='word_1_235' title='bbox 277 2208 474 2252; x_wconf 78' lang='lat' dir='ltr'>beneficium</span> <span class='ocrx_word' id='word_1_236' title='bbox 486 2229 497 2247; x_wconf 89' lang='lat'>,</span> <span class='ocrx_word' id='word_1_237' title='bbox 518 2208 582 2238; x_wconf 82' lang='lat' dir='ltr'>aut</span> <span class='ocrx_word' id='word_1_238' title='bbox 598 2205 632 2237; x_wconf 81' lang='lat' dir='ltr'>h.</span> <span class='ocrx_word' id='word_1_239' title='bbox 654 2206 716 2237; x_wconf 84' lang='lat' dir='ltr'>aut</span> <span class='ocrx_word' id='word_1_240' title='bbox 734 2203 769 2236; x_wconf 78' lang='lat' dir='ltr'>h.</span> <span class='ocrx_word' id='word_1_241' title='bbox 789 2213 816 2235; x_wconf 75' lang='grc' dir='ltr'>ε.</span> <span class='ocrx_word' id='word_1_242' title='bbox 831 2226 841 2244; x_wconf 87' lang='grc'><em>,</em></span> <span class='ocrx_word' id='word_1_243' title='bbox 863 2208 952 2236; x_wconf 81' lang='lat' dir='ltr'>recte</span> <span class='ocrx_word' id='word_1_244' title='bbox 972 2202 1038 2236; x_wconf 84' lang='lat' dir='ltr'>sibi</span> <span class='ocrx_word' id='word_1_245' title='bbox 1056 2209 1323 2248; x_wconf 78' lang='lat' dir='ltr'>opponerentur,</span> <span class='ocrx_word' id='word_1_246' title='bbox 1348 2215 1438 2238; x_wconf 90' lang='lat' dir='ltr'>nunc</span> <span class='ocrx_word' id='word_1_247' title='bbox 1455 2208 1573 2252; x_wconf 82' lang='lat' dir='ltr'>partic.</span> 
     </span>
     <span class='ocr_line' id='line_1_29' title="bbox 277 2256 1572 2305; baseline -0.001 -8"><span class='ocrx_word' id='word_1_248' title='bbox 277 2263 435 2297; x_wconf 76' lang='lat' dir='ltr'>disiunct.</span> <span class='ocrx_word' id='word_1_249' title='bbox 446 2261 539 2295; x_wconf 77' lang='lat' dir='ltr'>inter</span> <span class='ocrx_word' id='word_1_250' title='bbox 556 2259 683 2293; x_wconf 75' lang='lat' dir='ltr'>tribum</span> <span class='ocrx_word' id='word_1_251' title='bbox 702 2264 735 2297; x_wconf 76' lang='lat' dir='ltr'>et</span> <span class='ocrx_word' id='word_1_252' title='bbox 753 2258 942 2292; x_wconf 64' lang='lat' dir='ltr'>centuriam</span> <span class='ocrx_word' id='word_1_253' title='bbox 958 2256 1099 2292; x_wconf 82' lang='lat' dir='ltr'>difficile</span> <span class='ocrx_word' id='word_1_254' title='bbox 1118 2257 1321 2303; x_wconf 71' lang='lat' dir='ltr'>respondem</span> <span class='ocrx_word' id='word_1_255' title='bbox 1338 2265 1448 2305; x_wconf 83' lang='lat' dir='ltr'>potest</span> <span class='ocrx_word' id='word_1_256' title='bbox 1465 2261 1572 2297; x_wconf 81' lang='lat' dir='ltr'>alter-</span> 
     </span>
     <span class='ocr_line' id='line_1_30' title="bbox 277 2314 1570 2360; baseline -0.001 -8"><span class='ocrx_word' id='word_1_257' title='bbox 277 2320 410 2352; x_wconf 73' lang='lat' dir='ltr'>nativae</span> <span class='ocrx_word' id='word_1_258' title='bbox 425 2341 435 2359; x_wconf 96' lang='lat'>,</span> <span class='ocrx_word' id='word_1_259' title='bbox 466 2323 544 2350; x_wconf 77' lang='lat' dir='ltr'>ante</span> <span class='ocrx_word' id='word_1_260' title='bbox 571 2316 776 2360; x_wconf 80' lang='lat' dir='ltr'>beneficium.</span> <span class='ocrx_word' id='word_1_261' title='bbox 871 2314 926 2358; x_wconf 79' lang='lat'>(2)</span> <span class='ocrx_word' id='word_1_262' title='bbox 961 2314 1050 2347; x_wconf 72' lang='lat' dir='ltr'>Haec</span> <span class='ocrx_word' id='word_1_263' title='bbox 1077 2321 1232 2348; x_wconf 76' lang='lat' dir='ltr'>constans</span> <span class='ocrx_word' id='word_1_264' title='bbox 1259 2327 1344 2360; x_wconf 79' lang='lat' dir='ltr'>quos</span> <span class='ocrx_word' id='word_1_265' title='bbox 1371 2317 1441 2350; x_wconf 79' lang='lat' dir='ltr'>vidi</span> <span class='ocrx_word' id='word_1_266' title='bbox 1470 2317 1570 2352; x_wconf 84' lang='lat' dir='ltr'>codd.</span> 
     </span>
     <span class='ocr_line' id='line_1_31' title="bbox 276 2368 1573 2416; baseline 0 -10"><span class='ocrx_word' id='word_1_267' title='bbox 276 2372 379 2406; x_wconf 85' lang='lat' dir='ltr'>lectio</span> <span class='ocrx_word' id='word_1_268' title='bbox 393 2394 404 2413; x_wconf 94' lang='lat'>,</span> <span class='ocrx_word' id='word_1_269' title='bbox 438 2371 505 2404; x_wconf 79' lang='lat' dir='ltr'>nisi</span> <span class='ocrx_word' id='word_1_270' title='bbox 524 2369 617 2416; x_wconf 82' lang='lat' dir='ltr'>quod</span> <span class='ocrx_word' id='word_1_271' title='bbox 642 2380 704 2415; x_wconf 83' lang='lat' dir='ltr'>pro</span> <span class='ocrx_word' id='word_1_272' title='bbox 728 2368 834 2414; x_wconf 85' lang='lat' dir='ltr'>priori</span> <span class='ocrx_word' id='word_1_273' title='bbox 854 2368 1000 2402; x_wconf 79' lang='lat' dir='ltr'>habeant</span> <span class='ocrx_word' id='word_1_274' title='bbox 1016 2368 1175 2402; x_wconf 87' lang='lat' dir='ltr'>nonnulli</span> <span class='ocrx_word' id='word_1_275' title='bbox 1194 2370 1316 2404; x_wconf 77' lang='lat' dir='ltr'>habent</span> <span class='ocrx_word' id='word_1_276' title='bbox 1332 2378 1389 2405; x_wconf 77' lang='lat' dir='ltr'>aut</span> <span class='ocrx_word' id='word_1_277' title='bbox 1413 2372 1573 2406; x_wconf 80' lang='lat' dir='ltr'>haberent</span> 
     </span>
     <span class='ocr_line' id='line_1_32' title="bbox 276 2423 1568 2472; baseline 0.002 -13"><span class='ocrx_word' id='word_1_278' title='bbox 276 2427 415 2472; x_wconf 75' lang='lat' dir='ltr'>legunt5</span> <span class='ocrx_word' id='word_1_279' title='bbox 448 2431 483 2458; x_wconf 82' lang='lat' dir='ltr'>et</span> <span class='ocrx_word' id='word_1_280' title='bbox 507 2435 596 2458; x_wconf 83' lang='lat' dir='ltr'>unus</span> <span class='ocrx_word' id='word_1_281' title='bbox 624 2423 774 2458; x_wconf 74' lang='lat' dir='ltr'>nrfmdt.</span> <span class='ocrx_word' id='word_1_282' title='bbox 802 2424 911 2458; x_wconf 82' lang='lat' dir='ltr'>omitt.</span> <span class='ocrx_word' id='word_1_283' title='bbox 941 2428 1004 2458; x_wconf 78' lang='lat' dir='ltr'>aut</span> <span class='ocrx_word' id='word_1_284' title='bbox 1021 2424 1183 2459; x_wconf 80' lang='lat' dir='ltr'>habeant:</span> <span class='ocrx_word' id='word_1_285' title='bbox 1217 2426 1308 2460; x_wconf 85' lang='lat' dir='ltr'>unde</span> <span class='ocrx_word' id='word_1_286' title='bbox 1337 2428 1399 2471; x_wconf 76' lang='lat' dir='ltr'>qui</span> <span class='ocrx_word' id='word_1_287' title='bbox 1429 2426 1568 2461; x_wconf 82' lang='lat' dir='ltr'>Orell.</span> 
     </span>
     <span class='ocr_line' id='line_1_33' title="bbox 275 2478 1564 2525; baseline -0.001 -9"><span class='ocrx_word' id='word_1_288' title='bbox 275 2486 338 2515; x_wconf 80' lang='lat' dir='ltr'>aut</span> <span class='ocrx_word' id='word_1_289' title='bbox 359 2481 480 2516; x_wconf 77' lang='lat' dir='ltr'>habere</span> <span class='ocrx_word' id='word_1_290' title='bbox 498 2483 631 2524; x_wconf 75' lang='lat' dir='ltr'>sperent</span> <span class='ocrx_word' id='word_1_291' title='bbox 648 2478 839 2525; x_wconf 72' lang='lat' dir='ltr'>probaverit</span> <span class='ocrx_word' id='word_1_292' title='bbox 857 2489 926 2513; x_wconf 85' lang='lat' dir='ltr'>non</span> <span class='ocrx_word' id='word_1_293' title='bbox 943 2478 1064 2514; x_wconf 76' lang='lat' dir='ltr'>video:</span> <span class='ocrx_word' id='word_1_294' title='bbox 1090 2481 1246 2525; x_wconf 71' lang='lat' dir='ltr'>quamvis</span> <span class='ocrx_word' id='word_1_295' title='bbox 1261 2480 1395 2515; x_wconf 77' lang='lat' dir='ltr'>adnot-z</span> <span class='ocrx_word' id='word_1_296' title='bbox 1422 2481 1480 2515; x_wconf 80' lang='lat' dir='ltr'>Sic</span> <span class='ocrx_word' id='word_1_297' title='bbox 1507 2481 1564 2516; x_wconf 77' lang='lat' dir='ltr'>cd.</span> 
     </span>
    </p>
   </div>
   <div class='ocr_carea' id='block_1_7' title="bbox 275 2533 990 2576">
    <p class='ocr_par' dir='ltr' id='par_1_7' title="bbox 275 2533 990 2576">
     <span class='ocr_line' id='line_1_34' title="bbox 275 2533 990 2576; baseline -0.003 -6"><span class='ocrx_word' id='word_1_298' title='bbox 275 2536 438 2570; x_wconf 80' lang='lat' dir='ltr'>Turnebi.</span> <span class='ocrx_word' id='word_1_299' title='bbox 457 2534 551 2570; x_wconf 79' lang='lat' dir='ltr'>Lau.</span> <span class='ocrx_word' id='word_1_300' title='bbox 645 2533 699 2576; x_wconf 86' lang='grc'>(3)</span> <span class='ocrx_word' id='word_1_301' title='bbox 728 2533 782 2567; x_wconf 84' lang='lat' dir='ltr'>De</span> <span class='ocrx_word' id='word_1_302' title='bbox 800 2534 874 2568; x_wconf 79' lang='lat' dir='ltr'>Pet.</span> <span class='ocrx_word' id='word_1_303' title='bbox 893 2533 914 2576; x_wconf 83' lang='lat'><em>§</em></span> <span class='ocrx_word' id='word_1_304' title='bbox 931 2533 990 2568; x_wconf 79' lang='lat'>29.</span> 
     </span>
    </p>
   </div>
  </div>
 </body>
</html>
